% BibTeX database for the paper asme2e.tex
%% bibtexfile{
%% author    =
"Harry H. Cheng",
%% version   =  "2",
%% date      =  "January  01,
2003",
%% filename  =  "asme2e.bib",
%% address   =  "Integration
Engineering Laboratory
%%              Department of Mechanical and
Aeronautical Engineering
%%              University of California
%%
     Davis, CA 95616",
%% telephone =  "(530) 752-5020 (office)
%%
    (530) 752-1028 (lab)
%%               (530) 752-4158 (Fax:)",
%% email
%  =  "<hhcheng at ucdavis.edu>" }




@article{nam1997,
author = {Ok-Hyun Nam and Michael D. Bremser and Tsvetanka S. Zheleva and Robert F. Davis}, collaboration = {}, title = {Lateral epitaxy of low defect density GaN layers via organometallic vapor phase epitaxy}, publisher = {AIP}, year = {1997}, journal = {Applied Physics Letters}, volume = {71}, number = {18}, pages = {2638-2640}, keywords = {gallium compounds; III-V semiconductors; wide band gap semiconductors; semiconductor epitaxial layers; vapour phase epitaxial growth; semiconductor growth; dislocation density; surface topography}, url = {http://link.aip.org/link/?APL/71/2638/1},
doi = {10.1063/1.120164}
}

@article{chang2006,
author = {Chang, C. W. and Okawa, D. and Majumdar, A. and Zettl, A.},
title = {{Solid-State Thermal Rectifier}},
journal = {Science},
volume = {314},
number = {5802},
pages = {1121-1124},
doi = {10.1126/science.1132898},
year = {2006},
abstract = {We demonstrated nanoscale solid-state thermal rectification. High-thermal-conductivity carbon and boron nitride nanotubes were mass-loaded externally and inhomogeneously with heavy molecules. The resulting nanoscale system yields asymmetric axial thermal conductance with greater heat flow in the direction of decreasing mass density. The effect cannot be explained by ordinary perturbative wave theories, and instead we suggest that solitons may be responsible for the phenomenon. Considering the important role of electrical rectifiers (diodes) in electronics, thermal rectifiers have substantial implications for diverse thermal management problems, ranging from nanoscale calorimeters to microelectronic processors to macroscopic refrigerators and energy-saving buildings.
},
URL = {http://www.sciencemag.org/cgi/content/abstract/314/5802/1121},
eprint = {http://www.sciencemag.org/cgi/reprint/314/5802/1121.pdf}
}

@article{shiomi2011a,
author = {Junichiro Shiomi and Keivan Esfarjani and Gang Chen},
collaboration = {},
title = {Thermal conductivity of half-Heusler compounds from first-principles calculations},
publisher = {APS},
year = {2011},
journal = {Physical Review B (Condensed Matter and Materials Physics)},
volume = {84},
number = {10},
eid = {104302},
numpages = {19},
pages = {125209},
keywords = {ab initio calculations; acoustic dispersion; APW calculations; bismuth alloys; Boltzmann equation; decomposition; electrical conductivity; energy gap; lattice constants; long-range order; molecular dynamics method; nanotechnology; phononic crystals; Seebeck effect; short-range order; tellurium alloys; thermal conductivity},
url = {http://prb.aps.org/abstract/PRB/v84/i10/e104302},
doi = {10.1103/PhysRevB.84.104302}
}

@article{shiomi2011b,
author = {Zhun-Yong Ong and Eric Pop and Junichiro Shiomi},
collaboration = {},
title = {Reduction of phonon lifetimes and thermal conductivity of a carbon nanotube on amorphous silica},
publisher = {APS},
year = {2011},
journal = {Physical Review B (Condensed Matter and Materials Physics)},
volume = {84},
number = {16},
eid = {104302},
numpages = {19},
pages = {165418},
doi = {10.1103/PhysRevB.84.104302}
}

@ARTICLE{shiomi2011c,
   author = {Junichiro Shiomi and Keivan Esfarjani and Gang Chen},
   title = "Thermal conductivity of half-Heusler compounds from first-principles calculations",
   year = "2011",
   journal = "Physical Review B",
   volume = "84",
   pages = "104302"
}

@ARTICLE{goodson2005,
   author = {A. D. McConnell and K. E. Goodson},
   title = "Thermal Conduction in Silicon Micro and Nanostructures",
   year = "2005",
   journal = "Annual Review of Heat Transfer",
   volume = "14",
   pages = "129-168"
}

@ARTICLE{qiu2011,
   author = {Bo Qiu and Hua Bao and Gengqiang Zhang and Yue Wub and Xiulin Ruan},
   title = "Molecular dynamics simulations of lattice thermal conductivity and spectral phonon mean free path of PbTe: Bulk and nanostructures",
   year = "2011",
   journal = "Computational Materials Science",
   volume = "53",
   pages = "278–285"
}

@article{rwang2006,
author = {Robert Y. Wang and Rachel A. Segalman and Arun Majumdar},
collaboration = {},
title = {Room temperature thermal conductance of alkanedithiol self-assembled monolayers},
publisher = {AIP},
year = {2006},
journal = {Applied Physics Letters},
volume = {89},
number = {17},
eid = {173113},
numpages = {3},
pages = {173113},
keywords = {gold; gallium arsenide; thermal conductivity; monolayers; III-V semiconductors; semiconductor-metal boundaries; nanotechnology},
url = {http://link.aip.org/link/?APL/89/173113/1},
doi = {10.1063/1.2358856}
}

@ARTICLE{little1959,
   author = "W. A. Little",
   title = "The transport of heat between dissimilar solids at low temperatures",
   year = "1959",
   journal = "Canadian Journal of Physics",
   volume = "37",
   pages = "334-349"
}

@article{liu2006,
author = {Wenjun Liu and Mehdi Asheghi},
collaboration = {},
title = {Thermal Conductivity Measurements of Ultra-Thin Single Crystal Silicon Layers},
publisher = {ASME},
year = {2006},
journal = {Journal of Heat Transfer},
volume = {128},
number = {1},
pages = {75-83},
keywords = {silicon; elemental semiconductors; thermal conductivity; heat conduction; phonons; Boltzmann equation},
url = {http://link.aip.org/link/?JHR/128/75/1},
doi = {10.1115/1.2130403}
}

@article{liu2004,
author = {W. Liu and M. Asheghi},
collaboration = {},
title = {Phonon--boundary scattering in ultrathin single-crystal silicon layers},
publisher = {AIP},
year = {2004},
journal = {Applied Physics Letters},
volume = {84},
number = {19},
pages = {3819-3821},
keywords = {silicon; elemental semiconductors; semiconductor thin films; thermal conductivity; Boltzmann equation; carrier mean free path; phonon spectra; thermometers},
url = {http://link.aip.org/link/?APL/84/3819/1},
doi = {10.1063/1.1741039}
}



@article{koh2009,
author = {Yee Kan Koh and Suzanne L. Singer and Woochul Kim and Joshua M. O. Zide and Hong Lu and David G. Cahill and Arun Majumdar and Arthur C. Gossard},
collaboration = {},
title = {Comparison of the 3 omega method and time-domain thermoreflectance for measurements of the cross-plane thermal conductivity of epitaxial semiconductors},
publisher = {AIP},
year = {2009},
journal = {Journal of Applied Physics},
volume = {105},
number = {5},
eid = {054303},
numpages = {7},
pages = {054303},
keywords = {aluminium compounds; erbium compounds; gallium arsenide; III-V semiconductors; indium compounds; nanoparticles; semiconductor epitaxial layers; thermal conductivity; thermoreflectance},
url = {http://link.aip.org/link/?JAP/105/054303/1},
doi = {10.1063/1.3078808}
}



@article{huang2008,
author = {Bao-Ling Huang and Massoud Kaviany},
collaboration = {},
title = {Ab initio and molecular dynamics predictions for electron and phonon transport in bismuth telluride},
publisher = {APS},
year = {2008},
journal = {Physical Review B (Condensed Matter and Materials Physics)},
volume = {77},
number = {12},
eid = {125209},
numpages = {19},
pages = {125209},
keywords = {ab initio calculations; acoustic dispersion; APW calculations; bismuth alloys; Boltzmann equation; decomposition; electrical conductivity; energy gap; lattice constants; long-range order; molecular dynamics method; nanotechnology; phononic crystals; Seebeck effect; short-range order; tellurium alloys; thermal conductivity},
url = {http://link.aps.org/abstract/PRB/v77/e125209},
doi = {10.1103/PhysRevB.77.125209}
}


@article{parker1961,
author = {W. J. Parker and R. J. Jenkins and C. P. Butler and G. L. Abbott},
collaboration = {},
title = {Flash Method of Determining Thermal Diffusivity, Heat Capacity, and Thermal Conductivity},
publisher = {AIP},
year = {1961},
journal = {Journal of Applied Physics},
volume = {32},
number = {9},
pages = {1679-1684},
url = {http://link.aip.org/link/?JAP/32/1679/1},
doi = {10.1063/1.1728417}
}

@article{paddock1986,
author = {Carolyn A. Paddock and Gary L. Eesley},
collaboration = {},
title = {Transient thermoreflectance from thin metal films},
publisher = {AIP},
year = {1986},
journal = {Journal of Applied Physics},
volume = {60},
number = {1},
pages = {285-290},
keywords = {THERMAL DIFFUSION; THERMAL DIFFUSIVITY; THERMOREFLECTANCE; MEASURING METHODS; NICKEL; THIN FILMS; SPUTTERING; PS RANGE; LASERRADIATION HEATING; HEAT FLOW},
url = {http://link.aip.org/link/?JAP/60/285/1},
doi = {10.1063/1.337642}
}

@article{murphy1980,
author = {J. C. Murphy and L. C. Aamodt},
collaboration = {},
title = {Photothermal spectroscopy using optical beam probing: Mirage effect},
publisher = {AIP},
year = {1980},
journal = {Journal of Applied Physics},
volume = {51},
number = {9},
pages = {4580-4588},
keywords = {OPTICAL PROPERTIES; TEMPERATURE EFFECTS; PROBES; RADIATION HEATING; HEATING; SURFACES; PHOTOACOUSTIC SPECTROSCOPY; OPACITY; SOLIDS; LIQUIDS; COMPARATIVE EVALUATIONS; MATHEMATICAL MODELS; DATA},
url = {http://link.aip.org/link/?JAP/51/4580/1},
doi = {10.1063/1.328350}
}

@article{boccara1980,
author = {A. C. Boccara and D. Fournier and J. Badoz},
collaboration = {},
title = {Thermo-optical spectroscopy: Detection by the ''mirage effect''},
publisher = {AIP},
year = {1980},
journal = {Applied Physics Letters},
volume = {36},
number = {2},
pages = {130-132},
keywords = {SPECTROSCOPY; TEMPERATURE EFFECTS; OPTICS; MEDIUM TEMPERATURE; DATA; SURFACES; COMPARATIVE EVALUATIONS; ABSORPTIONS; GASES; LAYERS; IRRADIATION; VARIATIONS},
url = {http://link.aip.org/link/?APL/36/130/1},
doi = {10.1063/1.91395}
}

@article{rosencwaig1985,
author = {Allan Rosencwaig and Jon Opsal and W. L. Smith and D. L. Willenborg},
collaboration = {},
title = {Detection of thermal waves through optical reflectance},
publisher = {AIP},
year = {1985},
journal = {Applied Physics Letters},
volume = {46},
number = {11},
pages = {1013-1015},
keywords = {THIN FILMS; THICKNESS; NONDESTRUCTIVE TESTING; MICROELECTRONICS; LASERRADIATION HEATING; INTERFEROMETRY; DEFORMATION; OPTICAL REFLECTION; WAVE PROPAGATION; METALS; TITANIUM; TUNGSTEN; SILICON; THERMOOPTICAL EFFECTS},
url = {http://link.aip.org/link/?APL/46/1013/1},
doi = {10.1063/1.95794}
}

@article{cahill1990,
author = {David G. Cahill},
collaboration = {},
title = {Thermal conductivity measurement from 30 to 750 K: the 3 omega method},
publisher = {AIP},
year = {1990},
journal = {Review of Scientific Instruments},
volume = {61},
number = {2},
pages = {802-808},
keywords = {THERMAL CONDUCTIVITY; VERY LOW TEMPERATURE; LOW TEMPERATURE; SILICA; PYREX; MEASURING METHODS; MATHEMATICAL MODELS; BLACKBODY RADIATION; HEAT LOSSES},
url = {http://link.aip.org/link/?RSI/61/802/1},
doi = {10.1063/1.1141498}
}


@article{rantala1993,
author = {J. Rantala and Lanhua Wei and P. K. Kuo and J. Jaarinen and M. Luukkala and R. L. Thomas},
collaboration = {},
title = {Determination of thermal diffusivity of low-diffusivity materials using the mirage method with multiparameter fitting},
publisher = {AIP},
year = {1993},
journal = {Journal of Applied Physics},
volume = {73},
number = {6},
pages = {2714-2723},
keywords = {RARE EARTHS; CERAMICS; POLYMERS; THERMAL DIFFUSIVITY; MEASURING METHODS; SENSITIVITY; FOILS; ANISOTROPY; OPTICAL IDENTIFICATION},
url = {http://link.aip.org/link/?JAP/73/2714/1},
doi = {10.1063/1.353044}
}

@article{yamane2002,
author = {Tsuneyuki Yamane and Naoto Nagai and Shin-ichiro Katayama and Minoru Todoki},
collaboration = {},
title = {Measurement of thermal conductivity of silicon dioxide thin films using a 3 omega method},
publisher = {AIP},
year = {2002},
journal = {Journal of Applied Physics},
volume = {91},
number = {12},
pages = {9772-9776},
keywords = {silicon compounds; thermal conductivity; thermal conductivity measurement; porosity; insulating thin films; infrared spectra; interface phenomena},
url = {http://link.aip.org/link/?JAP/91/9772/1},
doi = {10.1063/1.1481958}
}

@article{chien2008,
author = {Heng-Chieh Chien and Da-Jeng Yao and Mei-Jiau Huang and Tien-Yao Chang},
collaboration = {},
title = {Thermal conductivity measurement and interface thermal resistance estimation using SiO[sub 2] thin film},
publisher = {AIP},
year = {2008},
journal = {Review of Scientific Instruments},
volume = {79},
number = {5},
eid = {054902},
numpages = {7},
pages = {054902},
keywords = {chromium; dielectric thin films; elemental semiconductors; metal-insulator boundaries; semiconductor-metal boundaries; silicon; silicon compounds; thermal conductivity; thermal conductivity measurement; thin film devices},
url = {http://link.aip.org/link/?RSI/79/054902/1},
doi = {10.1063/1.2927253}
}


@ARTICLE{hu2009,
   author = "J. Hu and X. Ruan and Y. P. Chen",
   title = "Thermal Conductivity and Thermal Rectification in Graphene Nanoribbons: A Molecular Dynamics Study",
   year = "2009",
   journal = "Nano Letters",
   volume = "7",
   pages = "2730-2735"
}

@article{dames2009,
author = {C. Dames},
collaboration = {},
title = {Solid-State Thermal Rectification With Existing Bulk Materials},
publisher = {ASME},
year = {2009},
journal = {Journal of Heat Transfer},
volume = {131},
number = {6},
eid = {061301},
numpages = {7},
pages = {061301},
keywords = {Fourier analysis; integral equations; perturbation theory; rectification; solid-state rectifiers; thermal conductivity; thermal resistance},
url = {http://link.aip.org/link/?JHR/131/061301/1},
doi = {10.1115/1.3089552}
}






@ARTICLE{baheti2008,
   author = "K. Baheti and J. A. Malen and P. Doak and P. Reddy and S. Y. Jang and T. D. Tilley and A. Majumdar and R. A. Segalman",
   title = "Probing the Chemistry of Molecular Heterojunctions Using Thermoelectricity",
   year = "2008",
   journal = "Nanoletters",
   volume = "8",
   pages = "715-719"
}


@ARTICLE{malen2009,
   author = "J. A. Malen and P. Doak and K. Baheti and T. D. Tilley and R. A. Segalman and A. Majumdar",
   title = "Identifying the Length Dependence of Orbital Alignment and Contact Coupling in Molecular Heterojunctions",
   year = "2009",
   journal = "Nanoletters",
   volume = "9",
   pages = "1164-1169"
}


@ARTICLE{hopkins2008,
   author = "P. E. Hopkins and P. M. Norris and R. J. Stevens",
   title = "Influence of inelastic scattering at metal-dielectric interfaces",
   year = "2008",
   journal = "Journal of Heat Transfer",
   volume = "130",
   pages = "022401"
}

@article{hopkins2009,
     author = "P. E. Hopkins and P. M. Norris",
     journal = "J. Heat Transf.",
     title = "Relative Contributions of Inelastic and Elastic Diffuse Phonon Scattering to Thermal Boundary Conductance Across Solid Interfaces",
     year = "2009",
     volume = "131",
     pages = "022402"
}



@ARTICLE{ohsone1999,
   author = "Y. Ohsone and G. Wu and J. Dryden and F. Zok and A. Majumdar",
   title = "Optical measurement of thermal conductance between wafer-like thin solid samples",
   year = "1999",
   journal = "Journal of Heat Transfer",
   volume = "121",
   pages = "954-963"
}


@ARTICLE{rosi2003,
   author = "N. L. Rosi and J. Eckert and M. Eddaoudi and D. T. Vodak and J. Kim and M. O’Keeffe and O. M. Yaghi",
   title = "Hydrogen storage in microporous metalorganic frameworks",
   year = "2003",
   journal = "Science",
   volume = "300",
   pages = "1127"
}

@ARTICLE{yu1992,
   author = "R. C. Yu and N. Tea and M. B. Salamon and D. Lorents and R. Malhotra",
   title = "Thermal conductivity of single crystal {C$_{60}$}",
   year = "1992",
   journal = "Physical Review Letters",
   volume = "68",
   pages = "2050-2053"
}


@ARTICLE{buffett2000,
   author = "B. A. Buffett",
   title = "Clathrate Hydrates",
   year = "2000",
   journal = "Annual Review of Earth and Planetary Sciences",
   volume = "28",
   pages = "477-507"
}

@ARTICLE{clarkson2005,
   author = "J. R. Clarkson and E. Baquero and V. A. Shubert and T. S. Zwier and E. M. Myshakin and K. D. Jordan",
   title = "Laser-Initiated Shuttling of a Water Molecule between {H}-bonding Sites",
   year = "2005",
   journal = "Science",
   volume = "307",
   pages = "1443-1446"
}

@ARTICLE{diri2005,
   author = "K. Diri and E. M. Myshakin and K. D. Jordan",
   title = "On the Contribution of Vibrational Anharmonicity to the Binding Energies of Water Clusters",
   year = "2005",
   journal = "Journal of Physical Chemistry A",
   volume = "109",
   pages = "4005-4009"
}

@ARTICLE{headrick2005,
   author = "J. Headrick and E. G. Diken and R. S. Walters and N. I. Hammer and R. A. Christie and J. Cui and E. M. Myshakin and M. A. Duncan and M. A.
Johnson and K. D. Jordan",
   title = "The Shared Nature of the Hydrated Proton from the Cluster Perspective",
   year = "2005",
   journal = "Science",
   volume = "308",
   pages = "1765-1769"
}

@incollection{christie2005,
    author    = "R. A. Christie and K. D. Jordan",
    title     = "Monte Carlo Simulations of the Finite Temperature
Properties of ({H}$_2${O})$_6$",
    editor    = "C. E. Dykstra and G. Frenking and K. S. Kim and G.
Scuseria",
    booktitle = "Theory and Applications of Computational Chemistry: The First 40 Years",
    pages     = "995-1006",
    publisher = "Elsevier",
    year      = "2005"
}

@ARTICLE{onda2005,
   author = "K. Onda and B. Li and J. Zhao and K. D. Jordan and J. Yang and H. Petek",
   title = "Wet Electrons at the {H}$_2${O}/{T}i{O}$_2$(110) Surface",
   year = "2005",
   journal = "Science",
   volume = "308",
   pages = "1154-1158"
}

@ARTICLE{hammer2005,
   author = "N. I. Hammer and E. G. Diken and J. R. Roscioli and E. M.
Myshakin and K. D. Jordan and A. B. McCoy and X. Huang and S. Carter and J.
M . Bowman and M. A. Johnson",
   title = "The Vibrational Predissociation Spectra of the {H}$_5${O}$_2$+$\cdot${RG}$_n$({RG} ={A}r,{N}e) Clusters:  Correlation of the Solvent Perturbations in the Free OH and Shared Proton Transitions of the Zundel Ion",
   year = "2005",
   journal = "Journal of Chemical Physics",
   volume = "122",
   pages = "244301-1-10"
}


@incollection{christie2005b,
    author    = "R. A. Christie and K. D. Jordan",
    title     = "n-Body Decomposition Approach to the Calculation of
Interaction Energies of Water Clusters",
    editor    = "D. Wales",
    booktitle = "Structure and Bonding: Intermolecular Forces and Clusters",
    pages     = "27-42",
    publisher = "Elsevier",
    volume      = "116",
    year      = "2005"
}

@ARTICLE{sommerfeld2005,
   author = "T. Sommerfeld and K. D. Jordan",
   title = "Quantum Drude Oscillator Model for Describing the Interaction of Excess Electrons with Water Clusters:  An Application to ({H}$_2${O})$_{13}$-",
   year = "2005",
   journal = "Journal of Physical Chemistry A",
   volume = "109",
   pages = "11531-11538"
}

@ARTICLE{diken2005,
   author = "E. Diken and M. A. Johnson and R. A. Christie and K. D.
Jordan",
   title = "Mid-Infrared Characterization of the {NH}$_4^+$({H}$_2${O})$_n$ Magic Number Cluster",
   year = "2005",
   journal = "Journal of Chemical Physics",
   volume = "123",
   pages = "164309-1-7"
}

@ARTICLE{li2006,
   author = "B. Li and J. Zhao and K. D. Jordan and J. Yang and and H.
Petek",
   title = "Ultrafast Interfacial Proton-coupled Electron Transfer",
   year = "2006",
   journal = "Science",
   volume = "311",
   pages = "1436-1440"
}

@ARTICLE{sommerfeld2006,
   author = "T. Sommerfeld and K. D. Jordan",
   title = "Electron Binding Motifs of ({H}$_2${O})$_n$-Clusters",
   year = "2006",
   journal = "Journal of the American Chemical Society",
   volume = "128",
   pages = "5828-5833"
}

@ARTICLE{cui2006,
   author = "J. Cui and H. Liu and K. D. Jordan",
   title = "Theoretical Characterization of the ({H}$_2${O})$_{21}$ Cluster:
Application of an n-body Decomposition Procedure",
   year = "2006",
   journal = "Journal of Physical Chemistry B",
   volume = "110",
   pages = "18872-18878"
}

@ARTICLE{choi2008,
   author = "{T.-H.} Choi and K. D. Jordan ",
   title = " Analytical Gradients for Geometry Optimizations of ({H}$_2${O})$_n^-$ Clusters as Described by the {PM1} Polarizable Model",
   year = "2008",
   journal = "Chemical Physical Letters",
   volume = "464",
   pages = "139-143"
}
@ARTICLE{kumar2009,
   author = "R. Kumar and R. A. Christie and K. D. Jordan ",
   title = "A Modified {MSEVB} Force Field for Protonated Water Clusters",
   year = "2009",
   journal = "Journal of Physical Chemistry B",
   volume = "113",
   pages = "4111-4118"
}
@ARTICLE{suzuki2006,
   author = "T. Suzuki and D. S. Sorescu and K. D. Jordan and J. T. Yates",
   title = "The Chemisorption of Dibenzo[$a$,$j$]coronene on {S}i(001)-2$\times$1",
   year = "2006",
   journal = "Journal of Chemical Physics",
   volume = "124",
   pages = "224708-1-8"
}
@ARTICLE{sommerfeld2006b,
   author = "T. Sommerfeld and S. D. Gardner and A. {DeFusco} and K. D.
Jordan",
   title = "Low-lying Isomers and Finite Temperature Behavior of ({H}$_2${O})$_6^-$",
   year = "2006",
   journal = "Journal of Chemical Physics",
   volume = "125",
   pages = "174301-1-7"
}
@ARTICLE{agbo2007,
   author = "J. K. Agbo and D. M. Leitner and E. M. Myshakin and K. D.
Jordan",
   title = "Quantum Energy Flow and the Kinetics of Water Shuttling between Hydrogen Bonding Sites of trans-Formanilide",
   year = "2007",
   journal = "Journal of Chemical Physics",
   volume = "127",
   pages = "064315-1-10"
}
@ARTICLE{defusco2007b,
   author = "A. DeFusco and D. P. Schofield and K. D. Jordan",
   title = "Comparison of Models with Distributed Polarizable Sites for Describing Water Clusters",
   year = "2007",
   journal = "Molecular Physics",
   volume = "105",
   pages = "2681-2696"
}
@ARTICLE{sommerfeld2008,
   author = "T. Sommerfeld and A. DeFusco and K. D. Jordan",
   title = "Model Potential Approaches for Describing the Interactions of Excess Electrons with Water Clusters: {I}ncorporation of Long-range Correlation Effects",
   year = "2008",
   journal = "Journal of Physical Chemistry A",
   volume = "112",
   pages = "11021 - 11035"
}
@ARTICLE{lee2008,
   author = "J. Lee and D. C. Sorescu and K. D. Jordan and and {J. T. Yates, Jr.}",
   title = "Hydroxyl Chain Formation on the {C}u(110) Surface: Watching Water Dissociation",
   year = "2008",
   journal = "Journal of Physical Chemistry C",
   volume = "112",
   pages = "17672-17677"
}
@ARTICLE{krivchikov2005,
   author = "A. I. Krivchikov and B. Ya Gorodilov and O. A. Korolyuk and V.
G. Manzhelii and H. Conrad and W. Press",
   title = "Thermal Conductivity of Methane Hydrate",
   year = "2005",
   journal = "Journal of Low Temperature Physics",
   volume = "139",
   pages = "693-702"
}
@ARTICLE{tse1988,
   author = "J. S. Tse and M. A. White",
   title = "Origin of the Glassy Crystalline Behavior in the Thermal Properties of Clathrate Hydrates:  {A} Thermal Conductivity Study of Tetrahydrofuron Hydrate",
   year = "1988",
   journal = "Journal of Physical Chemistry",
   volume = "92",
   pages = "5006"
}
@ARTICLE{kaledin2009,
   author = "M. Kaledin and A. L. Kaledin and J. M. Bowman and J. Ding and and K. D. Jordan",
   title = "Calculation of the Vibrational Spectra of {H}$_5${O}$_2^+$ and its Deuterium-substituted Isotopologues by Molecular Dynamics Simulations",
   year = "2009",
   journal = "Journal of Physical Chemistry A",
   note = "In press"
}
@ARTICLE{jenness2009,
    author = "G. Jenness and K. D. Jordan",
     title = "{A DF-DFT-SAPT investigation of the binding of water of coronene and dodecabenzocoronene: Implications for the water-graphite interaction}",
     year = "2009",
     journal = "Journal of Physical Chemistry C",
   note = "In press"
}







@Article{leitner2001,
  title = {Vibrational energy transfer and heat conduction in a one-dimensional glass},
  author = {Leitner, David M.},
  journal = {Physical Review B},
  volume = {64},
  number = {9},
  pages = {094201},
  numpages = {9},
  year = {2001},
  month = {Aug},
  doi = {10.1103/PhysRevB.64.094201},
  publisher = {American Physical Society}
}



@article{Tang2009,
title = "Pressure dependence of harmonic and anharmonic lattice dynamics in MgO: A first-principles calculation and implications for lattice thermal conductivity",
journal = "Physics of the Earth and Planetary Interiors",
volume = "174",
number = "1-4",
pages = "33 - 38",
year = "2009",
issn = "0031-9201",
doi = "DOI: 10.1016/j.pepi.2008.10.003",
url = "http://www.sciencedirect.com/science/article/B6V6S-4TPX0NT-2/2/26994c4eef790dd87087f73896f952a3",
author = "Xiaoli Tang and Jianjun Dong",
keywords = "First-principles theory",
keywords = "Phonon spectra",
keywords = "Lattice anharmonicity",
keywords = "Grüneisen parameter",
keywords = "Thermal conductivity",
keywords = "MgO"
}


@article{shenogin2009,
author = {Sergei Shenogin and Arun Bodapati and Pawel Keblinski and Alan J. H. McGaughey},
collaboration = {},
title = {Predicting the thermal conductivity of inorganic and polymeric glasses: The role of anharmonicity},
publisher = {AIP},
year = {2009},
journal = {Journal of Applied Physics},
volume = {105},
number = {3},
eid = {034906},
numpages = {6},
pages = {034906},
keywords = {amorphous semiconductors; elemental semiconductors; glass; Lennard-Jones potential; molecular dynamics method; polymers; silicon; silicon compounds; thermal conductivity},
url = {http://link.aip.org/link/?JAP/105/034906/1},
doi = {10.1063/1.3073954}
}


@ARTICLE{hochbaum2008,
   author = "A. I. Hochbaum and R. Chen and R. D. Delgado and W. Liang and E. C. Garnett and M. Najarian and A. Majumdar and P. Yang",
   title = "Enhanced thermoelectric performance of rough silicon nanowires",
   year = "2008",
   journal = "Nature",
   volume = "451",
   pages = "163-167"
}

@ARTICLE{balandin2008,
   author = "A. A. Balandin and S. Ghosh and W. Bao and I. Calizo and D. Teweldebrhan and F. Miao and C. N. Lau",
   title = "Superior Thermal Conductivity of Single-Layer Graphene",
   year = "2008",
   journal = "Nano Letters",
   volume = "8",
   pages = "902-907"
}

@ARTICLE{boukai2008,
   author = "A. I. Boukai and Y. Bunimovich and J. Tahi-Kheli and J.-K. Yu and W. A. G. Goddard and J. R. Heath",
   title = "Silicon nanowires as efficient thermoelectric materials",
   year = "2008",
   journal = "Nature",
   volume = "451",
   pages = "168-171"
}

@ARTICLE{slack1980,
   author = "G. A. Slack",
   title = "Thermal conductivity of ice",
   year = "1980",
   journal = "Physical Review B",
   volume = "22",
   pages = "3065-3071"
}

@ARTICLE{krivchikov2005,
   author = "A. I. Krivchikov and B. {Ya.} Gorodilov and O. A. Korolyuk and V. G. Manzhelii and H. Conrad and W. Press",
   title = "Thermal Conductivity of Methane-Hydrate",
   year = "2005",
   journal = "Journal of Low Temperature Physics",
   volume = "139",
   pages = "693-702"
}

@ARTICLE{rosenbaum2007,
   author = "E. J. Rosenbaum and N. J. English and J. K. Johnson and D. W. Shaw and R. P. Warzinski",
   title = "Thermal Conductivity of Methane Hydrate from Experiment and Molecular Simulation",
   year = "2007",
   journal = "Journal of Physical Chemistry B",
   volume = "111",
   pages = "13194-13205"
}

@Article{english2009,
  title = {Mechanisms for thermal conduction in various polymorphs of methane hydrate},
  author = {English, Niall J. and Tse, John S. and Carey, Declan J.},
  journal = {Phys. Rev. B},
  volume = {80},
  number = {13},
  pages = {134306},
  numpages = {16},
  year = {2009},
  month = {Oct},
  doi = {10.1103/PhysRevB.80.134306},
  publisher = {American Physical Society}
}

@Article{Al-Saidi08p075112,
  title = {Optimized norm-conserving Hartree-Fock pseudopotentials for plane-wave calculations},
  author = {Al-Saidi, W. A. and Walter, E. J. and Rappe, A. M.},
  journal = {Phys. Rev. B},
  volume = {77},
  number = {7},
  pages = {075112},
  numpages = {10},
  year = {2008},
  month = {Feb},
  doi = {10.1103/PhysRevB.77.075112},
  publisher = {American Physical Society}
}

@article{Al-Saidi08p154324,
author = {W. A. Al-Saidi and C. J. Umrigar},
collaboration = {},
title = {Fixed-node diffusion Monte Carlo study of the structures of m-benzyne},
publisher = {AIP},
year = {2008},
journal = {The Journal of Chemical Physics},
volume = {128},
number = {15},
eid = {154324},
numpages = {4},
pages = {154324},
keywords = {coupled cluster calculations; molecular configurations; Monte Carlo methods; organic compounds; SCF calculations},
url = {http://link.aip.org/link/?JCP/128/154324/1},
doi = {10.1063/1.2902979}
}



@Article{Al-Saidi06p075103,
  title = {Auxiliary-field quantum Monte Carlo study of TiO and MnO molecules},
  author = {Al-Saidi, W. A. and Krakauer, Henry  and Zhang, Shiwei },
  journal = {Phys. Rev. B},
  volume = {73},
  number = {7},
  pages = {075103},
  numpages = {7},
  year = {2006},
  month = {Feb},
  doi = {10.1103/PhysRevB.73.075103},
  publisher = {American Physical Society}
}

@Article{Al-Saidi03p144511,
  title = {Langevin vortex dynamics for a layered superconductor in the lowest-Landau-level approximation},
  author = {Al-Saidi, W. A. and Stroud, D. },
  journal = {Phys. Rev. B},
  volume = {68},
  number = {14},
  pages = {144511},
  numpages = {8},
  year = {2003},
  month = {Oct},
  doi = {10.1103/PhysRevB.68.144511},
  publisher = {American Physical Society}
}


@article{Purwanto08p114309,
author = {Wirawan Purwanto and W. A. Al-Saidi and Henry Krakauer and Shiwei Zhang},
collaboration = {},
title = {Eliminating spin contamination in auxiliary-field quantum Monte Carlo: Realistic potential energy curve of F[sub 2]},
publisher = {AIP},
year = {2008},
journal = {The Journal of Chemical Physics},
volume = {128},
number = {11},
eid = {114309},
numpages = {7},
pages = {114309},
keywords = {dissociation energies; fluorine; HF calculations; Monte Carlo methods; potential energy surfaces; quantum theory},
url = {http://link.aip.org/link/?JCP/128/114309/1},
doi = {10.1063/1.2838983}
}




@article{Al-Saidi08p064316,
author = {W. A. Al-Saidi},
collaboration = {},
title = {Variational and diffusion Monte Carlo study of post-d group 13--17 elements},
publisher = {AIP},
year = {2008},
journal = {The Journal of Chemical Physics},
volume = {129},
number = {6},
eid = {064316},
numpages = {7},
pages = {064316},
keywords = {ab initio calculations; antimony; arsenic; astatine; astatine compounds; bismuth; bond lengths; bromine; bromine compounds; coupled cluster calculations; dissociation energies; electron affinity; gallium; gallium compounds; germanium; HF calculations; indium; indium compounds; iodine; iodine compounds; ionisation; lead; Monte Carlo methods; polonium; pseudopotential methods; relativistic corrections; selenium; spin-orbit interactions; tellurium; thallium; tin; variational techniques; vibrational states},
url = {http://link.aip.org/link/?JCP/129/064316/1},
doi = {10.1063/1.2969098}
}

@article{Al-Saidi07p144101,
author = {W. A. Al-Saidi and Shiwei Zhang and Henry Krakauer},
collaboration = {},
title = {Bond breaking with auxiliary-field quantum Monte Carlo},
publisher = {AIP},
year = {2007},
journal = {The Journal of Chemical Physics},
volume = {127},
number = {14},
eid = {144101},
numpages = {8},
pages = {144101},
keywords = {coupled cluster calculations; dissociation; electron correlations; HF calculations; many-body problems; Monte Carlo methods; potential energy surfaces; SCF calculations; wave functions},
url = {http://link.aip.org/link/?JCP/127/144101/1},
doi = {10.1063/1.2770707}
}


@article{Al-Saidi06p154110,
author = {W. A. Al-Saidi and Henry Krakauer and Shiwei Zhang},
collaboration = {},
title = {Auxiliary-field quantum Monte Carlo study of first- and second-row post-d elements},
publisher = {AIP},
year = {2006},
journal = {The Journal of Chemical Physics},
volume = {125},
number = {15},
eid = {154110},
numpages = {10},
pages = {154110},
keywords = {gallium; germanium; arsenic; selenium; bromine; indium; tin; antimony; tellurium; iodine; Monte Carlo methods; HF calculations; relativistic corrections; pseudopotential methods; electron affinity; ionisation potential},
url = {http://link.aip.org/link/?JCP/125/154110/1},
doi = {10.1063/1.2357917}
}

@article{Al-Saidi06p224101,
author = {W. A. Al-Saidi and Shiwei Zhang and Henry Krakauer},
collaboration = {},
title = {Auxiliary-field quantum Monte Carlo calculations of molecular systems with a Gaussian basis},
publisher = {AIP},
year = {2006},
journal = {The Journal of Chemical Physics},
volume = {124},
number = {22},
eid = {224101},
numpages = {10},
pages = {224101},
keywords = {water; Monte Carlo methods; Schrodinger equation; Gaussian noise; wave functions; HF calculations; molecular configurations; bonds (chemical)},
url = {http://link.aip.org/link/?JCP/124/224101/1},
doi = {10.1063/1.2200885}
}

@article{Al-Saidi07p194105,
author = {W. A. Al-Saidi and Henry Krakauer and Shiwei Zhang},
collaboration = {},
title = {A study of H + H[sub 2] and several H-bonded molecules by phaseless auxiliary-field quantum Monte Carlo with plane wave and Gaussian basis sets},
publisher = {AIP},
year = {2007},
journal = {The Journal of Chemical Physics},
volume = {126},
number = {19},
eid = {194105},
numpages = {8},
pages = {194105},
keywords = {hydrogen neutral molecules; hydrogen neutral atoms; atom-molecule reactions; potential energy surfaces; Monte Carlo methods; atom-molecule collisions; hydrogen bonds; molecular configurations; wave functions; pseudopotential methods},
url = {http://link.aip.org/link/?JCP/126/194105/1},
doi = {10.1063/1.2735296}
}






@ARTICLE{cook1983,
   author = "J. G. Cook and D. G. Leaist",
   title = "An exploratory study of the thermal conductivity of methane hydrate",
   year = "1983",
   journal = "Geophysical Research Letters",
   volume = "10",
   pages = "397-399"
}

@Article{frank1995,
  title = {Ab initio Force-Constant Method for Phonon Dispersions in Alkali Metals},
  author = {Frank, W.  and Els\"asser, C.  and F\"ahnle, M. },
  journal = {Physical Review Letters},
  volume = {74},
  number = {10},
  pages = {1791--1794},
  numpages = {3},
  year = {1995},
  month = {Mar},
  doi = {10.1103/PhysRevLett.74.1791},
  publisher = {American Physical Society}
}

@Article{baroni1987,
  title = {Green\char39{}s-function approach to linear response in solids},
  author = {Baroni, Stefano  and Giannozzi, Paolo  and Testa, Andrea },
  journal = {Physical Review Letters},
  volume = {58},
  number = {18},
  pages = {1861--1864},
  numpages = {3},
  year = {1987},
  month = {May},
  doi = {10.1103/PhysRevLett.58.1861},
  publisher = {American Physical Society}
}


@Article{hohenberg1964,
  title = {Inhomogeneous Electron Gas},
  author = {Hohenberg, P.  and Kohn, W. },
  journal = {Physical Review},
  volume = {136},
  number = {3B},
  pages = {B864--B871},
  numpages = {7},
  year = {1964},
  month = {Nov},
  doi = {10.1103/PhysRev.136.B864},
  publisher = {American Physical Society}
}

@Article{meyer1998,
  title = {Phonon spectrum of B2-FeAl: Ab initio calculation and comparison with data from inelastic neutron scattering},
  author = {Meyer, B.  and Schott, V.  and F\"ahnle, M. },
  journal = {Physical Review B},
  volume = {58},
  number = {22},
  pages = {R14673--R14676},
  numpages = {3},
  year = {1998},
  month = {Dec},
  doi = {10.1103/PhysRevB.58.R14673},
  publisher = {American Physical Society}
}


@Article{kohn1965,
  title = {Self-Consistent Equations Including Exchange and Correlation Effects},
  author = {Kohn, W.  and Sham, L. J.},
  journal = {Physical Review},
  volume = {140},
  number = {4A},
  pages = {A1133--A1138},
  numpages = {5},
  year = {1965},
  month = {Nov},
  doi = {10.1103/PhysRev.140.A1133},
  publisher = {American Physical Society}
}

@article{parr1983,
author = {Parr, R G},
title = {Density Functional Theory},
journal = {Annual Review of Physical Chemistry},
volume = {34},
number = {1},
pages = {631-656},
year = {1983},
doi = {10.1146/annurev.pc.34.100183.003215},
URL = {http://arjournals.annualreviews.org/doi/abs/10.1146/annurev.pc.34.100183.003215},
eprint = {http://arjournals.annualreviews.org/doi/pdf/10.1146/annurev.pc.34.100183.003215}
}

@ARTICLE{lankhorst2005,
   author = "M. H. R. Lankhorst and W. S. Bas and M. M. Ketelaars and R. A. M. Wolters",
   title = "Low-cost and nanoscale non-volatile memory concept for future silicon chips",
   year = "2005",
   journal = "Nature Materials",
   volume = "4",
   pages = "347-352"
}

@Article{ward2010,
  title = {Ab initio theory of the lattice thermal conductivity in diamond},
  author = {Ward, A.  and Broido, D. A. and Stewart, Derek A. and Deinzer, G. },
  journal = {Phys. Rev. B},
  volume = {80},
  number = {12},
  pages = {125203},
  numpages = {8},
  year = {2009},
  month = {Sep},
  doi = {10.1103/PhysRevB.80.125203},
  publisher = {American Physical Society}
}

@Article{lindsay2009,
  title = {Lattice thermal conductivity of single-walled carbon nanotubes: Beyond the relaxation time approximation and phonon-phonon scattering selection rules},
  author = {Lindsay, L.  and Broido, D. A. and Mingo, Natalio },
  journal = {Phys. Rev. B},
  volume = {80},
  number = {12},
  pages = {125407},
  numpages = {7},
  year = {2009},
  month = {Sep},
  doi = {10.1103/PhysRevB.80.125407},
  publisher = {American Physical Society}
}




@ARTICLE{turney2009a,
   author = "J. E. Turney and E. S. Landry and A. J. H. McGaughey and C. H. Amon",
   title = "Predicting phonon properties and thermal conductivity from anharmonic lattice dynamics calculations and molecular dynamics simulations",
   year = "2009",
   journal = "Physical Review B",
   volume = "79",
   pages = "064301"
}

@ARTICLE{turney2009b,
   author = "J. E. Turney and A. J. H. McGaughey and C. H. Amon",
   title = "Assessing the applicability of quantum corrections to classical thermal conductivity predictions",
   year = "2009",
   journal = "Physical Review B",
   volume = "79",
   pages = "224305"
}



@ARTICLE{peng2007,
   author = "W. Peng and M. M. Roberts and E. P. Nordberg and F. S. Flack and P. E. Colavita and R. J. Hamers and D. E. Savage and M. G. Lagally and M. A. Eriksson",
   title = "Single-crystal silicon/silicon dioxide multilayer heterostructures based on nanomembrane transfer",
   year = "2007",
   journal = "Applied Physics Letters",
   volume = "90",
   pages = "183107"
}

@article{jiang2008,
     author = "H. Jiang and E. Myshakin and K. D. Jordan and R. Warzinski",
     journal = "Journal of Physical Chemistry B",
     title = "Molecular Dynamics Simulations of the Thermal Conductivity of Methane Hydrate",
     year = "2008",
     volume = "112",
     pages = "10207-10216"
}

@article{myshakin2009,
     author = "E. Myshakin and H. Jiang and R. Warzinski and K. D. Jordan",
     journal = "Journal of Physical Chemistry A",
     title = "Molecular Dynamics Simulations of Methane Hydrate Decomposition",
     year = "2009",
     volume = "113",
     pages = "1913-1921"
}

@article{clarkson2005,
     author = "J. R. Clarkson and E. Baquero and V. A. Shubert and T. S. Zwier and E. M. Myshakin and and K. D. Jordan",
     journal = "Science",
     title = "Laser-Driven Shuttling of a Water Molecule between {H}-bonding sites on a Solute",
     year = "2005",
     volume = "307",
     pages = "1443-1446"
}

@article{wang1995,
     author = "Y. Wang and G. M. Stocks and W. A. Shelton and D. M. C. Nicholson and W. M. Temmerman and Z. Szotek",
     journal = "Physical Review Letters",
     title = "Order-$N$ Multiple Scattering Approach to Electronic Structure Calculations",
     year = "1995",
     volume = "75",
     pages = "2867-2870"
}

@article{wang1998,
     author = "Y. Wang and G. M. Stocks and D. M. C. Nicholson and W. A. Shelton ",
     journal = "International Journal of Compuaters \& Mathematics with applications",
     title = "The First Principles {O[N] LSMS} Method and Its Applications to Magnetic Structure of Alloys",
     year = "1995",
     volume = "75",
     pages = "2867-2870"
}

@article{ywang2007,
     author = "Y. Wang and G. M. Stocks and A. Rusanu and D. M. C. Nicholson and M. Eisenbach and Q. Zhang and J. P. Liu",
     journal = "IEEE Transactions on Magnetics",
     title = "Electronic and Magnetic Structure of {L$_{10}$-FePt} Nanoparticle Embedded in {FePt} Random Alloy",
     year = "2007",
     volume = "43",
     pages = "3103-3105"
}

@article{bruno2003,
     author = "E. Bruno and L. Zingales and Y. Wang,",
     journal = "Physical Review Letters",
     title = "Charge distributions in metallic alloys: A charge-excess functional theory approach",
     year = "2003",
     volume = "91",
     pages = "166401"
}

@article{faulkner1995,
     author = "J. S. Faulkner and Y. Wang and G.M. Stocks,",
     journal = "Physical Review B",
     title = "An Observation on the Density Functional Theory of Electrons in Extended Systems",
     year = "1995",
     volume = "52",
     pages = "17106"
}

@article{faulkner1997,
     author = "J. S. Faulkner and Y. Wang and G.M. Stocks,",
     journal = "Physical Review B",
     title = "Coulomb Energies in Alloys",
     year = "1997",
     volume = "55",
     pages = "7492"
}

@article{faulkner1998,
     author = "J. S. Faulkner and Y. Wang and G.M. Stocks,",
     journal = "Physical Review Letters",
     title = "Core Level Chemical Shifts in Metallic Alloys",
     year = "1998",
     volume = "81",
     pages = "1905"
}



@article{deinzer2003,
     author = "D. Deinzer and G. Birner and D. Strauch",
     journal = "Physical Review B",
     title = "Ab initio calculation of the linewidth of various phonon modes in germanium and silicon",
     year = "2003",
     volume = "67",
     pages = "144304"
}


@MISC{amdibm,
    note = "{h}ttp://www.eetasia.com/ART\_8800453686\_499495\_NT\_fc10ce60.HTM, accessed {N}ovember 1, 2009."
}

@article{simons1974,
     author = "S. Simons",
     journal = "Journal of Physics C: Solid State Physics",
     title = "On the thermal contact resistance between insulators",
     year = "1974",
     volume = "7",
     pages = "4048-4052"
}

@article{borca2000,
     author = "T. Borca-Tasciuc and W. Liu and J. Liu and T. Zeng and D. W. Song and C. D. Moore and G. Chen and K. L. Wang and M. S. Goorsky and T. Radetic and R. Gronsky and T. Koga and M. S. Dresselhaus",
     journal = "Superlattices and Microstructures  ",
     title = "Thermal conductivity of symmetrically strained {S}i/{G}e superlattices",
     year = "2000",
     volume = "28",
     pages = "199-206"
}

@article{brugger1986,
     author = "H. Brugger and G. Abstreiter and H. Jorke and H. J. Herzog and E. Kasper",
     journal = "Physical Review B",
     title = "Folded acoustic phonons in {S}i-{S}i$_x${G}e$_{1-x}$ superlattices",
     year = "1986",
     volume = "33",
     pages = "5928-5930"
}

@article{lockwood1987,
     author = "D. J. Lockwood and M. W. C. Dharma-wardana and J.-M. Baribeau and D. C. Houghton",
     journal = "Physical Review B",
     title = "Folded acoustic phonons in {S}i/{S}i$_x${G}e$_{1-x}$ strained-layer superlattices",
     year = "1987",
     volume = "35",
     pages = "2243-2251"
}

@article{ezzahri2007,
     author = "Y. Ezzahri and S. Grauby and J. M. Rampnoux and H. Michel and G. Pernot and W. Claeys and S. Dilhaire and C. Rossignol and G. Zeng and A. Shakouri",
     journal = "Physical Review B",
     title = "Coherent phonons in {S}i/{S}i{G}e superlattices",
     year = "2007",
     volume = "75",
     pages = "195309"
}

@article{zhang2007,
     author = "W. Zhang and T. S. Fisher and N. Mingo",
     journal = "Journal of Heat Transfer",
     title = "Simulation of Interfacial Phonon Transport in {S}i–{G}e Heterostructures Using an Atomistic Green’s Function Method",
     year = "2007",
     volume = "129",
     pages = "483-491"
}

@article{aubry2008,
     author = "S. Aubry and C. J. Kimmer and A. Skye and P. K. Schelling",
     journal = "Physical Review B",
     title = "Comparison of theoretical and simulation-based predictions of grain boundary {K}apitza conductance in silicon",
     year = "2008",
     volume = "78",
     pages = "064112"
}

@article{wang2008,
     author = "J.-S. Wang and J. Wang and J. T. Li",
     journal = "The European Physical Journal B",
     title = "Quantum Thermal Transport in Nanostructures",
     year = "2008",
     volume = "62",
     pages = "381-404"
}

@inproceedings{landry2007a,
    author=   "E. S. Landry and A. J. H. McGaughey and M. I. Hussein",
    title     = "Molecular dynamics prediction of the thermal conductivity of {S}i/{G}e superlattices",
    booktitle = "Proceedings of Summer Heat Transfer Conference 2007",
    organization =  "ASME",
    note      = "Paper number HT2007-32152",
    year      = "2007"
}

@BOOK{kasper2000,
    author = "E. Kasper and K. Lyutovich",
    year = "2000",
    title = "Propeties of Silicon Germanium and SiGe:Carbon",
    publisher = "{INSPEC}, The Institute of Electrical Engineers, London"
}

@BOOK{dyer1988,
    author = "A. Dyer",
    year = "1988",
    title = "An Introduction to Zeolite Molecular Sieves",
    publisher = "Wiley, Chichester"
}



@ARTICLE{chaput2005,
   author = "L. Chaput and P. Pécheur and J. Tobola and H. Scherrer",
   title = "Transport in doped skutterudites: {\em Ab initio} electronic structure calculations",
   year = "2005",
   journal = "Physical Review B",
   volume = "72",
   pages = "685126"
}

@Article{scheidemantel2003,
  title = {Transport coefficients from first-principles calculations},
  author = {Scheidemantel, T. J. and Ambrosch-Draxl, C.  and Thonhauser, T.  and Badding, J. V. and Sofo, J. O.},
  journal = {Physical Review B},
  volume = {68},
  number = {12},
  pages = {125210},
  numpages = {6},
  year = {2003},
  month = {Sep},
  doi = {10.1103/PhysRevB.68.125210},
  publisher = {American Physical Society}
}

@ARTICLE{porter1997,
   author = "L. J. Porter and J. F. Justo and S. Yip",
   title = "The importance of {G}runeisen parameters in developing interatomic potentials",
   year = "1997",
   journal = "Journal of Applied Physics",
   volume = "82",
   pages = "5378-5381"
}


@ARTICLE{baroni2001,
   author = "S. Baroni and S. {de Gironcoli} and A. {Dal Corso} and P. Giannozzi",
   title = "Phonons and related crystal properties from density-functional perturbation theory",
   year = "2001",
   journal = "Reviews of Modern Physics",
   volume = "73",
   pages = "515-562"
}

@ARTICLE{pavone2001,
   author = "P. Pavone",
   title = "Old and new aspects in lattice-dynamical theory",
   year = "2001",
   journal = "Journal of Physics: Condensed Matter",
   volume = "13",
   pages = "7593-7610"
}

@Article{giannozzi1991,
  title = {Ab initio calculation of phonon dispersions in semiconductors},
  author = {Giannozzi, Paolo  and de Gironcoli, Stefano  and Pavone, Pasquale  and Baroni, Stefano },
  journal = {Physical Review B},
  volume = {43},
  number = {9},
  pages = {7231--7242},
  numpages = {11},
  year = {1991},
  month = {Mar},
  doi = {10.1103/PhysRevB.43.7231},
  publisher = {American Physical Society}
}

@ARTICLE{kulda2004,
   author = "J. Kulda and A. Debernardi and M. Cardona and F. de Geuser and E. E. Haller",
   title = "Self-energy of zone-boundary phonons in germanium: {\em Ab initio} calculations versus neutron spin-echo measurements",
   year = "2004",
   journal = "Physical Review B",
   volume = "69",
   pages = "045209"
}

@ARTICLE{debernardi2000,
   author = "A. Debernardi",
   title = "Anharmonic effects in the phonons of {III–V} semiconductors: {F}irst principles calculations",
   year = "2000",
   journal = "Solid State Communications",
   volume = "113",
   pages = "1-10"
}

@ARTICLE{esfarjani2008,
   author = "K. Esfarjani and H. T. Stokes",
   title = "Method to extract anharmonic force constants from first principles calculations",
   year = "2008",
   journal = "Physical Review B",
   volume = "77",
   pages = "144112"
}

@ARTICLE{esfarjani2011,
   author = "K. Esfarjani and G. Chen and H. T. Stokes",
   title = "Heat transport in silicon from first-principles calculations",
   year = "2011",
   journal = "Physical Review B",
   volume = "84",
   pages = "085204"
}

@Article{nilsson1972,
  title = {Study of the Homology between Silicon and Germanium by Thermal-Neutron Spectrometry},
  author = {Nilsson, G.  and Nelin, G. },
  journal = {Physical Review B},
  volume = {6},
  number = {10},
  pages = {3777--3786},
  numpages = {9},
  year = {1972},
  month = {Nov},
  doi = {10.1103/PhysRevB.6.3777},
  publisher = {American Physical Society}
}

@ARTICLE{clarke2005,
   author = "D. R. Clarke and S. R. Phillpot",
   title = "Thermal barrier coating materials",
   year = "2005",
   journal = "Materials Today",
   volume = "June",
   pages = "22-29"
}

@Article{allen1993,
  title = {Thermal conductivity of disordered harmonic solids},
  author = {Allen, Philip B. and Feldman, Joseph L.},
  journal = {Physical Review B},
  volume = {48},
  number = {17},
  pages = {12581--12588},
  numpages = {7},
  year = {1993},
  month = {Nov},
  doi = {10.1103/PhysRevB.48.12581},
  publisher = {American Physical Society}
}

@Article{feldman1993,
  title = {Thermal conductivity and localization in glasses: Numerical study of a model of amorphous silicon},
  author = {Feldman, Joseph L. and Kluge, Mark D. and Allen, Philip B. and Wooten, Frederick },
  journal = {Physical Review B},
  volume = {48},
  number = {17},
  pages = {12589--12602},
  numpages = {13},
  year = {1993},
  month = {Nov},
  doi = {10.1103/PhysRevB.48.12589},
  publisher = {American Physical Society}
}

@Article{jagannathan1989,
  title = {Thermal conductivity of amorphous materials above the plateau},
  author = {Jagannathan, A.  and Orbach, R.  and Entin-Wohlman, O. },
  journal = {Physical Review B},
  volume = {39},
  number = {18},
  pages = {13465--13477},
  numpages = {12},
  year = {1989},
  month = {Jun},
  doi = {10.1103/PhysRevB.39.13465},
  publisher = {American Physical Society}
}

@Article{abeles1963,
  title = {Lattice Thermal Conductivity of Disordered Semiconductor Alloys at High Temperatures},
  author = {Abeles, B. },
  journal = {Physical Review},
  volume = {131},
  number = {5},
  pages = {1906--1911},
  numpages = {5},
  year = {1963},
  month = {Sep},
  doi = {10.1103/PhysRev.131.1906},
  publisher = {American Physical Society}
}



@ARTICLE{kotsalis2004,
   author = "E. M. Kotsalis and J. H. Walther and P. Koumoutsakos",
   title = "Multiphase water flow inside carbon nanotubes",
   year = "2004",
   journal = "International Journal of Multiphase Flow",
   volume = "30",
   pages = "995-1010"
}

@ARTICLE{wang2006,
   author = "J. Wang and J.-S. Wang",
   title = "Mode-dependent energy transmission across nanotube junctions calculated with a lattice dynamics approach",
   year = "2006",
   journal = "Physical Review B",
   volume = "74",
   pages = "054303"
}

@ARTICLE{wang2007,
   author = "J. Wang and J.-S. Wang",
   title = "Characteristics of phonon transmission across epitaxial interfaces: a lattice dynamic study",
   year = "2007",
   journal = "Journal of Physics: Condensed Matter",
   volume = "19",
   pages = "236211"
}

@Article{wang2007b,
  title = {Quantum Thermal Transport from Classical Molecular Dynamics},
  author = {Wang, Jian-Sheng },
  journal = {Phys. Rev. Lett.},
  volume = {99},
  number = {16},
  pages = {160601},
  numpages = {4},
  year = {2007},
  month = {Oct},
  doi = {10.1103/PhysRevLett.99.160601},
  publisher = {American Physical Society}
}

@article{cao1994a,
author = {Jianshu Cao and Gregory A. Voth},
collaboration = {},
title = {The formulation of quantum statistical mechanics based on the Feynman path centroid density. I. Equilibrium properties},
publisher = {AIP},
year = {1994},
journal = {The Journal of Chemical Physics},
volume = {100},
number = {7},
pages = {5093-5105},
keywords = {QUANTUM STATISTICAL MECHANICS; FEYNMAN PATH INTEGRAL; EQUILIBRIUM; ENSEMBLE; RENORMALIZATION; PERTURBATION THEORY},
url = {http://link.aip.org/link/?JCP/100/5093/1},
doi = {10.1063/1.467175}
}

@article{cao1994b,
author = {Jianshu Cao and Gregory A. Voth},
collaboration = {},
title = {The formulation of quantum statistical mechanics based on the Feynman path centroid density. II. Dynamical properties},
publisher = {AIP},
year = {1994},
journal = {The Journal of Chemical Physics},
volume = {100},
number = {7},
pages = {5106-5117},
keywords = {QUANTUM STATISTICAL MECHANICS; FEYNMAN PATH INTEGRAL; EQUILIBRIUM; CORRELATION FUNCTIONS; ENSEMBLE},
url = {http://link.aip.org/link/?JCP/100/5106/1},
doi = {10.1063/1.467176}
}




@ARTICLE{mingo2006,
   author = "N. Mingo",
   title = "Anharmonic phonon flow through molecular-sized junctions",
   year = "2006",
   journal = "Physical Review B",
   volume = "74",
   pages = "125402"
}

@ARTICLE{inyushkin2004,
   author = "A. V. Inyushkin and A. N. Taldenkov and A. M. Gibin and A. V. Gusev and H.-J. Pohl",
   title = "On the isotope effect in thermal conductivity of silicon",
   year = "2004",
   journal = "Physica Status Solidi (c)",
   volume = "1",
   pages = "2995-2998"
}



@ARTICLE{striolo2006,
   author = "A. Striolo",
   title = "The Mechanism of Water Diffusion in Narrow Carbon Nanotubes",
   year = "2006",
   journal = "Nano Letters",
   volume = "6",
   pages = "633-639"
}

@ARTICLE{bitsanis1987,
   author = "I. Bitsanis and J. J. Magda and M. Tirrell and H. T. Davis",
   title = "Molecular dynamics of flow in micropores",
   year = "1987",
   journal = "Journal of Chemical Physics",
   volume = "87",
   pages = "1733-1750"
}

@ARTICLE{koplik1989,
   author = "J. Koplik and J. R. Banavar and J. F. Willemsen",
   title = "Molecular dynamics of fluid flow at solid surfaces",
   year = "1989",
   journal = "Physics of Fluids A",
   volume = "5",
   pages = "781-794"
}

@ARTICLE{sokhan2001,
   author = "V. P. Sokhan and D. Nicholson and N. Quirke",
   title = "Fluid flow in nanopores: An examination of hydrodynamic boundary conditions",
   year = "2001",
   journal = "Journal of Chemical Physics",
   volume = "115",
   pages = "3878-3887"
}

@ARTICLE{bhatia2004,
   author = "S. K. Bhatia and Owen Jepps and David Nicholson",
   title = "Tractable molecular theory of transport of {L}ennard-{J}ones fluids in nanopores",
   year = "2004",
   journal = "Journal of Chemical Physics",
   volume = "120",
   pages = "4472-4485"
}

@ARTICLE{henry2008,
   author = "A. S. Henry and G. Chen",
   title = "Spectral Phonon Transport Properties of Silicon Based on Molecular Dynamics Simulations and Lattice Dynamics",
   year = "2008",
   journal = "Journal of Computational and Theoretical Nanoscience",
   volume = "5",
   pages = "1-12"
}

@article{henry2008b,
author = {Asegun Henry and Gang Chen},
collaboration = {},
title = {High Thermal Conductivity of Single Polyethylene Chains Using Molecular Dynamics Simulations},
publisher = {APS},
year = {2008},
journal = {Physical Review Letters},
volume = {101},
number = {23},
eid = {235502},
numpages = {4},
pages = {235502},
url = {http://link.aps.org/abstract/PRL/v101/e235502},
doi = {10.1103/PhysRevLett.101.235502}
}

@article{henry2009,
author = {Asegun Henry and Gang Chen},
collaboration = {},
title = {Anomalous heat conduction in polyethylene chains: Theory and molecular dynamics simulations},
publisher = {APS},
year = {2009},
journal = {Physical Review B},
volume = {79},
number = {14},
eid = {144305},
numpages = {10},
pages = {144305},
keywords = {molecular dynamics method; phonons; polymers; thermal conductivity; vibrational modes},
url = {http://link.aps.org/abstract/PRB/v79/e144305},
doi = {10.1103/PhysRevB.79.144305}
}




@ARTICLE{baskes1992,
   author = "M. I. Baskes",
   title = "Modified embedded-atom potential for cubic materials and impurities",
   year = "1992",
   journal = "Physical Review B",
   volume = "46",
   pages = "2727-2742"
}


@ARTICLE{collins2000,
   author = "P. G. Collins and K. Bradley and M. Ishigami and A. Zett",
   title = "Extreme Oxygen Sensitivity of Electronic Properties of Carbon Nanotubes",
   year = "2000",
   journal = "Science",
   volume = "287",
   pages = "1801-1804"
}

@ARTICLE{joseph2003,
   author = "S. Joseph and R. J. Mashl and E. Jakobsson and N. R. Aluru",
   title = "Electrolytic Transport in Modified Carbon Nanotubes",
   year = "2003",
   journal = "Nano Letters",
   volume = "3",
   pages = "1399-1403"
}

@ARTICLE{qiao2003,
   author = "R. Qiao and N. R. Aluru",
   title = "Atypical Dependence of Electroosmotic Transport on Surface Charge in a Single-wall Carbon Nanotube",
   year = "2003",
   journal = "Nano Letters",
   volume = "3",
   pages = "1013-1017"
}

@ARTICLE{suk2008,
   author = "M. E. Suk and A. V. Raghunathan and N. R. Aluru",
   title = "Fast reverse osmosis using boron nitride and carbon nanotubes",
   year = "2008",
   journal = "Applied Physics Letters",
   volume = "92",
   pages = "133120"
}

@ARTICLE{papadopoulos2000,
   author = "C. Papadopoulos and A. Rakitin and J. Li and A. S. Vedeneev and J. M. Xu",
   title = "Electronic Transport in {Y}-Junction Carbon Nanotubes",
   year = "2000",
   journal = "Physical Review Letters",
   volume = "85",
   pages = "3476-3479"
}

@ARTICLE{meng2007,
   author = "F. Y. Meng and S. Ogata amd D. S. Xu and Y. Shibutani and S. Q. Shi",
   title = "Thermal conductivity of an ultrathin carbon nanotube with an {X}-shaped junction",
   year = "2007",
   journal = "Physical Review B",
   volume = "75",
   pages = "205403"
}

@ARTICLE{cummings2004,
   author = "A. Cummings and Mohamed Osman and D. Srivastava and M. Menon",
   title = "Thermal conductivity of {Y}-junction carbon nanotubes",
   year = "2004",
   journal = "Physical Review B",
   volume = "70",
   pages = "115405"
}

@ARTICLE{ting2002,
   author = "J.-M. Ting and C.-C. Chang",
   title = "Multijunction carbon nanotube network",
   year = "2002",
   journal = "Applied Physics Letters",
   volume = "80",
   pages = "324-325"
}

@ARTICLE{tsai2006,
   author = "P.-C. Tsai and Y.-R. Jeng and T.-H. Fang",
   title = "Coalescence, melting, and mechanical characteristics of carbon nanotube junctions",
   year = "2006",
   journal = "Physical Review B",
   volume = "74",
   pages = "045406"
}


@ARTICLE{brenner2002,
   author = "D. W. Brenner and O. A. Shenderova and J. A. Harrison and S. J. Stuart and B. Ni and S. B. Sinnott ",
   title = "A second-generation reactive empirical bond order ({REBO}) potential energy expression for hydrocarbons",
   year = "2002",
   journal = "Journal of Physics: Condensed Matter",
   volume = "14",
   pages = "783-802"
}

@ARTICLE{brenner2002b,
   author = "D. W. Brenner and O. A. Shenderova and D. A. Areshkina and J. D. Schall and S. J. V. Frankland ",
   title = "Atomic modeling of carbon-based nanostructures as a tool for developing new materials and technologies",
   year = "2002",
   journal = "Computer Modeling in Engineering \& Sciences",
   volume = "3",
   pages = "643-673"
}

@ARTICLE{sun1994,
   author = "H. Sun and S. J. Mumby and J. R. Maple and A. T. Hagler",
   title = "An ab Initio {CFF93} All-Atom Force Field for Polycarbonates",
   year = "1994",
   journal = "Journal of the American Chemical Society",
   volume = "116",
   pages = "2978-2987"
}


@inproceedings{mcgaughey2008,
    author=   "A. J. H. McGaughey and J. J. Michalek",
    title     = "Wiki-based learning in the mechanical engineering classroom",
    booktitle = "Proceedings of ASEE Annual Conference and Exposition 2008",
    organization =  "ASEE",
    note      = "Paper number 2008-1627",
    year      = "2008"
}


@ARTICLE{parker2007,
   author = "K. R. Parker and J. T. Chao",
   title = "Wiki as a teaching tool",
   year = "2007",
   journal = "Interdisciplinary Journal of Knowledge and Learning Objects",
   volume = "3",
   pages = "57-72"
}

@inproceedings{elgort2007,
    author=   "I. Elgort",
    title     = "Using wikis as a learning tool in higher education",
    booktitle = "Proceedings of Ascilite 2007",
    organization =  "Ascilite",
    note      = "233-238",
    year      = "2007"
}



@ARTICLE{charlier2007,
   author = "J.-C. Charlier and X. Blase and S. Roche",
   title = "Electronic and transport properties of nanotubes",
   year = "2007",
   journal = "Review of Modern Physics",
   volume = "79",
   pages = "677-732"
}

@ARTICLE{dresselhaus2004,
   author = "M.S. Dresselhaus and G. Dresselhaus and A. Jorio",
   title = "Unusual properties and structure of carbon nanotubes",
   year = "2004",
   journal = "Annual Review of Materials Research",
   volume = "34",
   pages = "247-278"
}

@ARTICLE{tans1998,
   author = "S. J. Tans and A. R. M. Verschueren and C. Dekker",
   title = "Room-temperature transistor based on a single carbon nanotube",
   year = "1998",
   journal = "Nature",
   volume = "393",
   pages = "49-52"
}

@ARTICLE{terrones2002,
   author = "M. Terrones and F. Banhart and N. Grobert and J.-C. Charlier and H. Terrones and P. M. Ajayan",
   title = "Molecular Junctions by Joining Single-Walled Carbon Nanotubes",
   year = "2002",
   journal = "Physical Review Letters",
   volume = "89",
   pages = "075505"
}

@ARTICLE{kuemmeth2008,
   author = "F. Kuemmeth and S. Ilani and D. C. Ralph and P. L. McEuen",
   title = " Coupling of spin and orbital motion of electrons in carbon nanotubes",
   year = "2008",
   journal = "Nature",
   volume = "452",
   pages = "448-452"
}

@ARTICLE{javey2002,
   author = "A. Javey and Q. Wang and A. Ural and Y. Li and H. Dai",
   title = "Carbon Nanotube Transistor Arrays for Multistage Complementary Logic and Ring Oscillators",
   year = "2002",
   journal = "Nano Letters",
   volume = "2",
   pages = "929-932"
}

@ARTICLE{mirza2008,
   author = "S. M. Mirza and H. Grebel",
   title = "Thermoelectric properties of aligned carbon nanotubes",
   year = "2008",
   journal = "Applied Physics Letters",
   volume = "92",
   pages = "203116"
}

@ARTICLE{corry2008,
   author = "B. Corry",
   title = "Designing Carbon Nanotube Membranes for Efficient Water Desalination",
   year = "2008",
   journal = "Journal of Physical Chemistry B",
   volume = "112",
   pages = "1427-1434"
}

@ARTICLE{mao2001,
   author = "Z. Mao and S. B. Sinnott",
   title = "Separation of organic molecular mixtures in Carbon Nanotubes and Bundles: Molecular Dynamics Simulations",
   year = "2001",
   journal = "Journal of Physical Chemistry B",
   volume = "105",
   pages = "6916-6924"
}

@ARTICLE{liu2006,
   author = "H. Liu and S. Murad and C. J. Jameson",
   title = "Ion permeation dynamics in carbon nanotubes",
   year = "2006",
   journal = "Journal of Chemical Physics",
   volume = "125",
   pages = "084713"
}

@ARTICLE{lau2003,
   author = "K. K. S. Lau and J. Bico and K. B. K. Teo and M. Chhowalla and G. A. J. Amaratunga and W. I. Milne and G. H. McKinley and K. K. Gleason",
   title = "Superhydrophobic Carbon Nanotube Forests",
   year = "2003",
   journal = "Nano Letters",
   volume = "3",
   pages = "1701-1705"
}

@ARTICLE{baughman2002,
   author = "R. H. Baughman and A. A. Zakhidov and W. A. {de Heer}",
   title = "Carbon Nanotubes -- the route towards Application",
   year = "2002",
   journal = "Science",
   volume = "297",
   pages = "787-792"
}

@ARTICLE{bianco2005,
   author = "A. Bianco and K. Kostarelos and M. Prato",
   title = "Applications of carbon nanotubes in drug delivery",
   year = "2005",
   journal = "Current Opinion in Chemical Biology",
   volume = "9",
   pages = "674-679"
}

@ARTICLE{schindall2007,
   author = "J. Schindall",
   title = "The charge of the ultracapacitors",
   year = "2007",
   journal = "IEEE Spectrum",
   volume = "44",
   pages = "42-46"
}



@ARTICLE{ciraci1988,
   author = "S. Ciraci and I. P. Batra",
   title = "Strained {S}i/{G}e superlattices: Structural stability, growth, and electronic properties",
   year = "1988",
   journal = "Physical Review B",
   volume = "38",
   pages = "1835-1848"
}
@ARTICLE{laradji1995,
   author = "M. Laradji and D. P. Landau and B. Dunweg",
   title = "Structural properties of {S}i$_{1-x}$/{G}e$_x$ alloys: A {M}onte {C}arlo simulation with the {S}tillinger-{W}eber potential",
   year = "1995",
   journal = "Physical Review B",
   volume = "51",
   pages = "4894-4902"
}


@ARTICLE{yu1995,
   author = "Q. Yu and P. Clancy",
   title = "Molecular dynamics simulation of crystal growth in {S}i$_{l-x}$ {G}e$_x$ / {S}i (100) heterostructures",
   year = "1995",
   journal = "Journal of Crystal Growth",
   volume = "149",
   pages = "45-58"
}

@ARTICLE{yu1997,
   author = "W. Yu and A. Madhukar",
   title = "Molecular Dynamics Study of Coherent Island Energetics, Stresses, and Strains in Highly Strained Epitaxy",
   year = "1997",
   journal = "Physical Review Letters",
   volume = "79",
   pages = "905-908"
}


@ARTICLE{fafard1999,
   author = "S. Fafard and Z. R. Wasilewski and C. Ni. Allen and D. Picard and M. Spanner and J. P. McCaffrey and P. G. Piva",
   title = "Manipulating the energy levels of semiconductor quantum dots",
   year = "1999",
   journal = "Physical Review B",
   volume = "59",
   pages = "15368-15373"
}

@ARTICLE{stoleru2002,
   author = "V. G. Stoleru and D. Pal and E. Towe",
   title = "Self-assembled ({I}n,{G}a){A}s/{G}a{A}s quantum dot nanostructures: strain distribution and electronic structure",
   year = "2002",
   journal = "Physica E",
   volume = "15",
   pages = "131-152"
}

@ARTICLE{ye2005,
   author = "W. Ye and S. Hanson and M. Reason and X. Weng and R. S. Goldman",
   title = "Control of {InAs/GaAs} quantum dot density and alignment using modified buffer layers",
   year = "2005",
   journal = "Journal of Vacuum Science and Technology B",
   volume = "23",
   pages = "1736-1740"
}

@ARTICLE{goldman2003,
   author = "R. S. Goldman and B. Shin and B. Lita",
   title = "Mechanisms of semiconductor nanostructure formation",
   year = "2003",
   journal = "Physica Status Solidi (a)",
   volume = "195",
   pages = "151-158"
}

@ARTICLE{huxtable2002,
   author = "S. T. Huxtable and A. R. Abramson and C. L. Tien and A. Majumdar and C. La{B}ounty and X. Fan and G. Zeng and J. E. Bowers",
   title = "Thermal conductivity of {Si/SiGe} and {SiGe/SiGe} superlattices",
   year = "2002",
   journal = "Applied Physics Letters",
   volume = "80",
   pages = "1737-1739"
}

@ARTICLE{huxtable2004,
   author = "S. T. Huxtable and D. G. Cahill and V. Fauconnier and J. O. White and J.-C. Zhao",
   title = "Thermal conductivity imaging at micrometrescale resolution for combinatorial studies of materials",
   year = "2004",
   journal = "Nature Materials",
   volume = "3",
   pages = "298-301"
}

@ARTICLE{escobar2006,
   author = "R. A. Escobar and S. S. Ghai and M. S. Jhon and C. H. Amon",
   title = "Multi-length and time scale thermal transport using the lattice {B}oltzmann method with applications to electronics cooling",
   year = "2006",
   journal = "International Journal of Heat and Mass Transfer",
   volume = "49",
   pages = "97-107"
}

@ARTICLE{cahill2002,
   author = "D. G. Cahill and K. E. Goodson and A. Majumdar",
   title = "Thermometry and thermal transport in micro/nanoscale solid--state devices and structures",
   year = "2002",
   journal = "Journal of Heat Transfer",
   volume = "124",
   pages = "223-241"
}

@ARTICLE{cahill2003,
   author = "D. G. Cahill and W. K. Ford and K. E. Goodson and G. D. Mahan and A. Majumdar and H. J. Maris and R. Merlin and S. R. Phillpot",
   title = "Nanoscale Thermal Transport",
   year = "2003",
   journal = "Journal of Applied Physics",
   volume = "93",
   pages = "793-818"
}

@ARTICLE{sinha2005,
   author = "S. Sinha and P. K. Schelling and S. R. Phillpot and K. E. Goodsen",
   title = "Scattering of $g$-process longitudinal optical phonons at hotspots in silicon",
   year = "2005",
   journal = "Journal of Applied Physics",
   volume = "97",
   pages = "023702"
}

@ARTICLE{paul2004,
   author = "D. J. Paul",
   title = "{S}i/{S}i{G}e heterostructures: from material and physics to devices and circuits",
   year = "2004",
   journal = "Semiconductor Science and Technology",
   volume = "19",
   pages = "R75-R108"
}

@ARTICLE{willander2005,
   author = "M. Willander and Q. X. Zhao and O. Nur and Q.-H. Hu",
   title = "Some silicon-based heterostructures for optical applications",
   year = "2005",
   journal = "Journal of Electronic Materials",
   volume = "34",
   pages = "515-521"
}

@ARTICLE{bitnar2003,
   author = "B. Bitnar",
   title = "Silicon, germanium and silicon/germanium photocells for thermophotovoltaics applications",
   journal = "Semiconductor Science and Technology",
   year = "2003",
   volume = "18",
   pages = "S221-S227"
}

@ARTICLE{drucker2002,
   author = "J. Drucker",
   title = "Self-assembling {G}e({S}i)/{S}i(100) quantum dots",
   journal = "IEEE Journal of Quantum Electronics",
   volume = "38",
   pages = "975-987"
}

@ARTICLE{elkurdi2002,
   author = "M. Elkurdi and P. Boucaud and S. Sauvage and O. Kermarrec and Y. Campidelli and D. Bensahel and G. Saint-Girons and I. Sagnes",
   title = "Near-infrared waveguide photodetector with {G}e/{S}i self-assembled quantum dots",
   year = "2002",
   journal = "Applied Physics Letters",
   volume = "80",
   pages = "509-511"
}

@ARTICLE{elkurdi2002,
   author = "M. Elkurdi and P. Boucaud and S. Sauvage and O. Kermarrec and Y. Campidelli and D. Bensahel and G. Saint-Girons and I.Sagnes",
   title = "Near-infrared waveguide photodetector with Ge/Si self-assembled quantum dots",
   year = "2002",
   journal = "Applied Physics Letters",
   volume = "80",
   pages = "509-511"
}

@ARTICLE{ledentsov1998,
   author = "N. N. Ledentsov and V. M. Ustinov and V. A. Shchukin and P. S. Kop'ev and Z. I. Alferov and D. Bimberg ",
   title = "Quantum dot heterostructures: {F}abrication, properties, lasers (Review)",
   year = "1998",
   journal = "Semiconductors",
   volume = "32",
   pages = "343-365"
}


@ARTICLE{hussein2006,
   author = "M. I. Hussein and K. Hamza and G. M. Hulbert and R. A. Scott and K. Saitou",
   title = "Multiobjective evolutionary optimization of periodic layered materials for desired wave dispersion characteristics",
   year = "2006",
   journal = "Structural and Multidisciplinary Optimization",
   volume = "31",
   pages = "60-75"
}

@ARTICLE{chakraborty2003,
   author = "S. Chakraborty and C. A. Kleint and A. Heinrich and C. M. Schneider and J. Schumann and M. Falke and S. Teichert",
   title = "Thermal conductivity in strain symmetrized {Si/Ge} superlattices on {S}i(111)",
   year = "2003",
   journal = "Applied Physics Letters",
   volume = "83",
   pages = "4184-4186"
}

@ARTICLE{majumdar1999,
   author = "A. Majumdar",
   title = "Scanning Thermal Microscopy",
   year = "1999",
   journal = "Annual Review of Materials Science",
   volume = "29",
   pages = "505-585"
}


@article{yang2003,
     author = "B. Yang and G. Chen",
     journal = "Physical Review B",
     title = "Partially Coherent Phonon Heat Conduction in Superlattices",
     year = "2003",
     volume = "67",
     pages = "195311"
}

@article{piva2005,
     author = "P. G. Piva and I. V. Mitchell and H. Chen and R. M. Feenstra and G. C. Aers and P. J. Poole and S. Charbonneau",
     journal = "Journal of Applied Physics",
     title = "In{G}a{A}s/{I}n{P} quantum well intermixing studied by high-resolution x-ray diffraction and grazing incidence x-ray analysis",
     year = "2005",
     volume = "97",
     pages = "093519"
}

@article{dong2004,
     author = "Y. Dong and R. M. Feenstra and M. P. Semtsiv and W. T. Masselink",
     journal = "Applied Physics Letters",
     title = "Cross-sectional scanning tunneling microscopy and spectroscopy of {I}n{G}a{P}/{G}a{A}s heterojunctions",
     year = "2004",
     volume = "84",
     pages = "227-229"
}

@article{cahill1990,
     author = "D. G Cahill",
     journal = "Review of Scientific Instruments",
     title = "Thermal conductivity measurement from 30 to 750 {K}: the 3-$\omega$ method",
     year = "1990",
     volume = "61",
     pages = "802-808"
}

@article{cahill1994,
     author = "D. G Cahill and M. Katiyar and J. R. Abelson",
     journal = "Physical Review B",
     title = "Thermal conductivity of $\alpha$-{S}i:{H} thin films",
     year = "1994",
     volume = "50",
     pages = "6077-6081"
}

@article{lee1997b,
     author = "S.-M. Lee and D. G Cahill",
     journal = "Journal of Applied Physics",
     title = "Heat Transport in Thin Dielectric Films",
     year = "1997",
     volume = "81",
     pages = "2590-2595"
}

@article{capinski1999,
     author = "W. S. Capinski and H. J. Maris and T. Ruf and M. Cardona and K. Ploog and D. S. Katzer",
     journal = "Physical Review B",
     title = "Thermal-conductivity measurements of {G}a{A}s/{A}l{A}s superlattices using a picosecond optical pump-and-probe technique",
     year = "1999",
     volume = "59",
     pages = "8105-8113"
}

@article{ezzahri2005,
     author = "Y. Ezzahri and S. Dilhaire and S. Grauby and J. M. Rampnoux and W. Claeys and Y. Zhang and G. Zeng and A. Shakouri",
     journal = "Applied Physics Letters",
     title = "Study of thermomechanical properties of {S}i/{S}i{G}e superlattices using femtosecond transient thermoreflectance technique",
     year = "2005",
     volume = "87",
     pages = "103506"
}

@article{jund1999,
     author = "P. Jund and R. Jullien",
     journal = "Physical Review B",
     title = "Molecular-dynamics calculation of the thermal conductivity of vitreous silica",
     year = "1999",
     volume = "59",
     pages = "13707-13711"
}

@article{li1998,
     author = "J. Li and L. Porter and S. Yip",
     journal = "Journal of Nuclear Materials",
     title = "Atomistic modeling of finite temperature properties of crystalline $\beta$-{S}i{C}. II. {T}hermal conductivity and effects of point defects",
     year = "1998",
     volume = "255",
     pages = "139-152"
}

@ARTICLE{che2000,
   author = "J. Che and T. Cagin and W. Deng and {W. A. Goddard III}",
   year = "2000",
   title = "Thermal conductivity of diamond and related materials from molecular dynamics simulations",
   journal = "Journal of Chemical Physics",
   volume = "113",
   pages = "6888-6900"
}

@article{mazumder2001,
     author = "S. Mazumder and A. Majumdar",
     journal = "Journal of Heat Transfer",
     title = "Monte {C}arlo Study of Phonon Transport in Solid Thin Films Including Dispersion and Polarization",
     year = "2001",
     volume = "123",
     pages = "749-759"
}


@article{venkat2000,
     author = "R. Venkatasubramanian",
     journal = "Physical Review B",
     title = "Lattice Thermal Conductivity reduction and phonon localization behavior in superlattice structures",
     year = "2000",
     volume = "61",
     pages = "3091-3097"
}

@article{caylor2005,
     author = "J. C. Caylor and K. Coonley and J. Stuart and T. Colpitts and R. Venkatasubramanian",
     journal = "Applied Physics Letters",
     title = "Enhanced thermoelectric performance in {P}b{T}e-based superlattice structures from reduction of lattice thermal conductivity",
     year = "2005",
     volume = "87",
     pages = "023105"
}


@article{chen1998,
     author = "G. Chen",
     journal = "Physical Review B",
     title = "Thermal conductivity and ballistic-phonon transport in the cross-plane direction of superlattices",
     year = "1998",
     volume = "57",
     pages = "14958-14973"
}

@article{lee1997,
     author = "S.-M. Lee and D. G. Cahill and R. Venkatasubramanian",
     journal = "Applied Physics Letters",
     title = "Thermal Conductivity of {S}i-{G}e Superlattices ",
     year = "1997",
     volume = "70",
     pages = "2957-2959"
}

@article{costescu2003,
     author = "R. M. Costescu and M. A. Wall and D. G. Cahill",
     journal = "Physical Review B",
     title = "Thermal conductance of epitaxial interfaces",
     year = "2003",
     volume = "67",
     pages = "054302"
}

@article{costescu2004,
     author = "R. M. Costescu and D. G. Cahill and F. H. Fabreguette and Z. A. Sechrist and S. M. George",
     journal = "Science",
     title = "Ultra-Low Thermal Conductivity in {W}/{A}l$_2${O}$_3$ Nanolaminates",
     year = "2004",
     volume = "303",
     pages = "989-990"
}
@article{lyeo2006,
     author = "H.-K. Lyeo and D. G. Cahill",
     journal = "Physical Review B",
     title = "Thermal conductance of interfaces between highly dissimilar materials",
     year = "2006",
     volume = "73",
     pages = "144301"
}

@article{minnich2009b,
     author = "A. J. Minnich and M. S. Dresselhaus and F. Ren and G. Chen",
     journal = "Energy and Environmental Sciences",
     title = "Bulk nanostructured thermoelectric materials: current research and future prospects",
     year = "2009",
     volume = "2",
     pages = "466-479"
}

@article{reifenberg2007,
author = {John P. Reifenberg and Matthew A. Panzer and SangBum Kim and Aaron M. Gibby and Yuan Zhang and Simon Wong and H.-S. Philip Wong and Eric Pop and Kenneth E. Goodson},
collaboration = {},
title = {Thickness and stoichiometry dependence of the thermal conductivity of GeSbTe films},
publisher = {AIP},
year = {2007},
journal = {Applied Physics Letters},
volume = {91},
number = {11},
eid = {111904},
numpages = {3},
pages = {111904},
keywords = {amorphous semiconductors; antimony compounds; germanium compounds; phase change materials; semiconductor thin films; solid-state phase transformations; stoichiometry; thermal conductivity},
url = {http://link.aip.org/link/?APL/91/111904/1},
doi = {10.1063/1.2784169}
}

@ARTICLE{reifenberg2008,
title={The Impact of Thermal Boundary Resistance in Phase-Change Memory Devices},
author={Reifenberg, J.P. and Kencke, D.L. and Goodson, K.E.},
journal={Electron Device Letters, IEEE},
year={2008},
month={Oct. },
volume={29},
number={10},
pages={1112-1114},
keywords={phase change materials, random-access storage, thermal conductivity, thermal resistanceelectrothermal simulations, interface resistance, nonvolatile memories, phase-change memory devices, thermal boundary resistance, thermal conduction},
doi={10.1109/LED.2008.2003012},
ISSN={0741-3106}, }

@article{koker2009,
author = {Nico de Koker},
collaboration = {},
title = {Thermal Conductivity of MgO Periclase from Equilibrium First Principles Molecular Dynamics},
publisher = {APS},
year = {2009},
journal = {Physical Review Letters},
volume = {103},
number = {12},
eid = {125902},
numpages = {4},
pages = {125902},
url = {http://link.aps.org/abstract/PRL/v103/e125902},
doi = {10.1103/PhysRevLett.103.125902}
}

@article{minnich2009,
author = {A. J. Minnich and H. Lee and X. W. Wang and G. Joshi and M. S. Dresselhaus and Z. F. Ren and G. Chen and D. Vashaee},
collaboration = {},
title = {Modeling study of thermoelectric SiGe nanocomposites},
publisher = {APS},
year = {2009},
journal = {Physical Review B (Condensed Matter and Materials Physics)},
volume = {80},
number = {15},
eid = {155327},
numpages = {14},
pages = {155327},
keywords = {Boltzmann equation; Ge-Si alloys; grain boundaries; grain boundary segregation; nanocomposites; phonons; Poisson equation; precipitation; Seebeck effect; semiconductor materials},
url = {http://link.aps.org/abstract/PRB/v80/e155327},
doi = {10.1103/PhysRevB.80.155327}
}

@article{zhu2009,
author = {G. H. Zhu and H. Lee and Y. C. Lan and X. W. Wang and G. Joshi and D. Z. Wang and J. Yang and D. Vashaee and H. Guilbert and A. Pillitteri and M. S. Dresselhaus and G. Chen and Z. F. Ren},
collaboration = {},
title = {Increased Phonon Scattering by Nanograins and Point Defects in Nanostructured Silicon with a Low Concentration of Germanium},
publisher = {APS},
year = {2009},
journal = {Physical Review Letters},
volume = {102},
number = {19},
eid = {196803},
numpages = {4},
pages = {196803},
url = {http://link.aps.org/abstract/PRL/v102/e196803},
doi = {10.1103/PhysRevLett.102.196803}
}





@incollection{slack1995,
    author    = "G. A. Slack",
    title     =   "New materials and performance limits for thermoelectric cooling",
    editor    = "D. M. Rowe",
    booktitle = "CRC Handbook of Thermoelectrics",
    pages     = "407-440",
    publisher = "CRC, Boca Raton",
    year      = "1995"
}

@incollection{majumdar1998,
    author    = "A. Majumdar",
    title     =   "Microscale energy transport in solids",
    editor    = "C.-L. Tien and A. Majumdar and F. M. Gerner",
    booktitle = "Microscale Energy Transport",
    pages     = "72",
    publisher = "Taylor and Francis, Washington",
    year      = "1998"
}

@incollection{mcgaughey2006c,
    author    = "A. J. H. McGaughey and M. Kaviany",
    title     =   "Phonon transport in molecular dynamics simulations: Formulation and thermal conductivity prediction",
    editor    = "G. A. Greene and Y. I. Cho and J. P. Hartnett and A. Bar-Cohen",
    booktitle = "Advances in Heat Transfer, Volume 39",
    pages     = "169-255",
    publisher = "Elsevier",
    year      = "2006"
}

@BOOK{szabo1996,
    author = "A. Szabo and N. S. Ostlund",
    year = "1996",
    title = "Modern Quantum Chemistry; Introduction to Advanced Electronic Structure Theory",
    publisher = "Dover, Mineolo, NY, USA"
}

@BOOK{foresman1996,
    author = "J. B. Foresman and A. Firsch",
    year = "1996",
    title = "Exploring chemistry with electronic structure methods",
    publisher = "Cambridge University Press, Cambridge"
}

@BOOK{parr1989,
    author = "R. G. Parr and W. Yang",
    year = "1989",
    title = "Density Functional Theory of Atoms and Molecules",
    publisher = "Oxford University Press, Oxford"
}


@BOOK{chen2005b,
    author = "G. Chen",
    year = "2005",
    title = "Nanoscale Energy Transfer and Conversion",
    publisher = "Oxford University Press, USA"
}

@BOOK{goldberg1989,
    author = "D. Goldberg",
    year = "1989",
    title = "Genetic Algorithms in Search Optimization and Machine Learning",
    publisher = "Addison-Wesly, Reading, MA"
}

@BOOK{bimberg1999,
    author = "D. Bimberg and M. Grundmann and N. N. Ledenstov",
    year = "1999",
    title = "Quantum Dot Heterostructures",
    publisher = "Wiley, Chicester"
}

@BOOK{reid1987,
    author = "R. C. Reid and J. M. Prausnitz and B. E. Poling",
    year = "1987",
    title = "The Properties of Gases and Liquids (4th Edition)",
    publisher = "McGraw Hill, New York"
}

@BOOK{press1992,
    author = "W. H. Press and S. A. Teukolsky and W. T. Vetterling and B. P. Flannery",
    year = "1992",
    title = "Numerical Recipes in Fortran 77",
    publisher = "Cambridge University Press, Cambridge"
}

@BOOK{allen1987,
    author = "M. P. Allen and D. J. Tildesley",
    year = "1987",
    title = "Computer Simulation of Liquids",
    publisher = "Clarendon Press, Oxford"
}

@BOOK{rapaport2004,
    author = "D. C. Rapaport",
    year = "2004",
    title = "The Art of Molecular Dynamics Simulation",
    publisher = "Cambridge University Press, Cambridge"
}

@BOOK{ashcroft1976,
    author = "N. W. Ashcroft and N. D. Mermin",
    year = "1976",
    title = "Solid State Physics",
    publisher = "Saunders, Fort Worth",
}

@BOOK{srivastava1990,
    author = "G. P. Srivastava",
    year = "1990",
    title = "The Physics of Phonons",
    publisher = "Adam Hilger, Bristol",
}

@BOOK{ziman2001,
    author = "J. M. Ziman",
    year = "2001",
    title = "Electrons and Phonons",
    publisher = "Oxford, New York",
}

@BOOK{sholl2009,
    author = "D. S. Sholl and J. A. Steckel",
    year = "2009",
    title = "Density Functional Theory: A Practical Introduction",
    publisher = "Wiley, Hoboken",
}

@BOOK{waynant2000,
    author = "R. W. Waynant and M. N. Ediger",
    year = "2000",
    title = "Electro-Optics Handbook (2nd Edition)",
    publisher = "McGraw-Hill, New York"
}

@BOOK{brozel1996,
    author = "M. R. Brozel and G. E. Stillman",
    year = "1996",
    title = "Propeties of Gallium Arsenide (3rd Edition)",
    publisher = "Institute of Engineering and Technology"
}

@article{oyabu2003,
     author = "N. Oyabu and O. Custance and I. Yi and Y. Sugawara and S. Morita",
     journal = "Physical Review Letters",
     title = "Mechanical Vertical Manipulation of Selected Single Atoms by Soft Nanoindentation Using Near Contact Atomic Force Microscopy",
     year = "2003",
     volume = "90",
     pages = "176102"
}

@article{petroff2001,
     author = "P. M. Petroff and A. Lorke and A. Imamoglu",
     journal = "Physics Today",
     title = "Epitaxially Self-Assembled Quantum Dots",
     year = "2001",
     month = "May",
     volume = "54",
     pages = "46-"
}

@article{eigler1990,
     author = "D. M. Eigler and E. K. Schweizer",
     journal = "Nature",
     title = "Positioning Single Atoms With a Scanning Tunneling Microscope",
     year = "1990",
     volume = "344",
     pages = "524-526"
}

@article{bottner2006,
     author = "H. Bottner and G. Chen and R. Venkatasubramanian",
     journal = "MRS Bulletin",
     title = "Aspects of Thin-Film Superlattice Thermoelectric Materials, Devices, and Applications",
     year = "2006",
     volume = "31",
     pages = "211-217"
}

@article{chen2001,
     author = "G. Chen",
     journal = "International Journal of Thermal Sciences",
     title = "Engineering Thermophysical Properties of Micro- and Nanostructures",
     year = "2001",
     volume = "40",
     pages = "693-701"
}

@ARTICLE{callaway1959,
   author = "J. Callaway",
   title = "Model for lattice thermal conductivity at low temperatures",
   year = "1959",
   journal = "Physical Review",
   volume = "113",
   pages = "1046"
}

@ARTICLE{holland1963,
   author = "M. G. Holland",
   title = "Analysis of lattice thermal conductivity",
   year = "1963",
   journal = "Physical Review",
   volume = "132",
   pages = "2461"
}

@BOOK{dove1993,
    author = "M. T. Dove",
    year = "1993",
    title = "Introduction to Lattice Dynamics",
    publisher = "Cambridge, Cambridge"
}

@BOOK{rudin1987,
    author = "W. Rudin",
    year = "1987",
    title = "Real and Complex Analysis",
    publisher = "McGraw-Hill, New York"
}

@INCOLLECTION{maradudin1974,
    author = "A. A. Maradudin",
    booktitle = "Dynamical Properties of Solids, Volume 1",
    publisher = "Elsevier, New York",
    editor = "G. K. Horton and A. A. Maradudin",
    year = "1974",
    pages = "1-82"
}

@phdthesis{wagnerthesis,
     author = "R. J. Wagner",
     title = "{Growth Energetics of Germanium Quantum Dots by Atomic Simulation}",
     school = "University of Michigan",
     year = 2004,
     type = "{PhD Thesis}",
     address = "Ann Arbor, {MI}"
}

@phdthesis{turneythesis,
     author = "J. E. Turney",
     title = "{Predicting phonon properties and thermal conductivity using anharmonic lattice dynamics calculations}",
     school = "Carnegie Mellon University",
     year = 2009,
     type = "{PhD Thesis}",
     address = "Pittsburgh, {PA}"
}

@phdthesis{stevensthesis,
     author = "R. J. Stevens",
     title = "{Thermal Transport at Room Temperature Solid--solid Interfaces}",
     school = "University of Virginia",
     year = 2005,
     type = "{PhD Thesis}",
     address = "Charlottesville, {VA}"
}
@inproceedings{stevens2004,
    author=   "R. J. Stevens and P. M. Norris and L. V. Zhigilei",
    title     = "Molecular-dynamics Study of Thermal Boundary Resistance: Evidence of Strong Inelastic Scattering Transport Channels",
    booktitle = "Proceedings of IMECE 2004",
    organization =  "ASME",
    note      = "Paper number IMECE2004-60334",
    year      = "2004"
}
@ARTICLE{stevens2005,
   author = "R. J. Stevens and A. N. Smith and P. M. Norris",
   title = "Measurement of thermal boundary conductance of a series of metal-dielectric interfaces by the transient thermoreflectance technique",
   year = "2005",
   journal = "Journal of Heat Transfer",
   volume = "127",
   pages = "315-322"
}

@inproceedings{landry2006,
    author=   "E. S. Landry and A. J. H. McGaughey and M. I. Hussein",
    title     = "Superlattices Analysis for Tailored Thermal Transport Characteristics",
    booktitle = "Proceedings of IMECE 2006",
    organization =  "ASME",
    note      = "Paper number IMECE2006-13673",
    year      = "2006"
}

@inproceedings{landry2007b,
    author=   "E. S. Landry and A. J. H. McGaughey and M. I. Hussein",
    title     = "Molecular dynamics prediction of the thermal conductivity of Si/Ge superlattices",
    booktitle = "Proceedings of SHTC 2007",
    organization =  "ASME",
    note      = "Paper number HT2007-32152",
    year      = "2007"
}

@ARTICLE{landry2008,
   author = "E. S. Landry and M. I. Hussein and A J. H. McGaughey",
   title = "Complex superlattice unit cell designs for reduced thermal conductivity",
   year = "2008",
   journal = "Physical Review B",
   volume = "77",
   pages = "184302"
}

@ARTICLE{landry2007,
   author = "E. S. Landry and S. Mikkilineni and M. Paharia and A. J. H. McGaughey",
   title = "Droplet Evaporation: A Molecular Dynamics Investigation",
   year = "2007",
   journal = "Journal of Applied Physics",
   volume = "102",
   pages = "124301"
}

@ARTICLE{landry2009,
   author = "E. S. Landry and A. J. H. McGaughey",
   title = "Effect of interfacial species mixing on phonon transport in semiconductor superlattices",
   year = "2009",
   journal = "Physical Review B",
   volume = "79",
   pages = "075316"
}

@ARTICLE{landry2009b,
   author = "E. S. Landry and A. J. H. McGaughey",
   title = "Thermal boundary resistance predictions from molecular dynamics simulations and theoretical calculations",
   year = "2009",
   journal = "Physical Review B",
   volume = "80",
   pages = "165304"
}

@ARTICLE{chung2004,
   author = "J. D. Chung and A. J. H. McGaughey and M. Kaviany",
   title = "Role of phonon dispersion in lattice thermal conductivity analysis",
   year = "2004",
   journal = "Journal of Heat Transfer",
   volume = "126",
   pages = "376-380"
}

@ARTICLE{majumdar1993,
   author = "A. Majumdar",
   title = "Microscale heat conduction in dielectric thin films",
   year = "1993",
   journal = "Journal of Heat Transfer",
   volume = "115",
   pages = "7-16"
}

@ARTICLE{flik1990,
   author = "M. I. Flik and C. L. Tien",
   title = "Size effect on the thermal conductivity of high-$T_c$ thin-film superconductors",
   year = "1990",
   journal = "Journal of Heat Transfer",
   volume = "112",
   pages = "872-881"
}


@inproceedings{turney2007,
    author=   "J. E. Turney and A. J. H. McGaughey and C. H. Amon",
    title     = "Effects of confinement and surface reconstruction on the lattice dynamics and thermal transport properties of thin films",
    booktitle = "Proceedings of SHTC 2007",
    organization =  "ASME",
    note      = "Paper number HT2007-32274",
    year      = "2007"
}

@inproceedings{turney2008,
    author=   "J. E. Turney and A. J. H. McGaughey and C. H. Amon",
    title     = "Argon Thermal Conductivity by Anharmonic Lattice Dynamics Calculaions",
    booktitle = "Proceedings of SHTC 2008",
    organization =  "ASME",
    note      = "Paper number HT2008-56146",
    year      = "2008"
}

@inproceedings{turney2008b,
    author=   "J. E. Turney and A. J. H. McGaughey and C. H. Amon",
    title     = "Thin Film Thermal Conductivity by Anharmonic Lattice Dynamics Calculations",
    booktitle = "Proceedings of IMECE 2008",
    organization =  "ASME",
    note      = "Paper number IMECE2008-66697",
    year      = "2008"
}

@inproceedings{landry2008b,
    author=   "E. S. Landry and A. J. H. McGaughey",
    title     = "Designing {Si/Si$_{1-x}$Ge$_x$} superlattices with tailored thermal properties",
    booktitle = "Proceedings of SHTC 2008",
    organization =  "ASME",
    note      = "Paper number HT2008-56473",
    year      = "2008"
}
@ARTICLE{roberts2008,
   author = "D. Roberts and G. Triplett",
   title = "Tuning nonlinear susceptibility in strained {AlGaAs/InGaAs} quantum cascade lasers",
   year = "2008",
   journal = "Solid-State Electronics",
   volume = "52",
   pages = "1669-1673"
}
@ARTICLE{li2007,
   author = "Y. L. Li and Y. R. Huang and Y. H. Lai",
   title = "Efficiency droop behaviors of {InGaN/GaN} multiple-quantum-well light-emitting diodes with varying quantum well thickness",
   year = "2007",
   journal = "Applied Physics Letters",
   volume = "91",
   pages = "181113"
}

@ARTICLE{rego1998,
   author = "L. G. C. Rego and G. Kirczenow",
   title = "Quantized thermal conductance of dielectric quantum wires",
   year = "1998",
   journal = "Physical Review Letters",
   volume = "1998",
   pages = "232-235"
}

@ARTICLE{landry2010,
   author = "E. S. Landry and A. J. H. McGaughey",
   title = "Effect of film thickness on the thermal resistance of confined semiconductor thin films",
   year = "2010",
   journal = "Journal of Applied Physics",
   volume = "107",
   pages = "013521"
}


@ARTICLE{mylee2009,
   author = "M. Lee and A. J. H. McGaughey",
   title = "Energetics of oxygen embedment into unreconstructed and reconstructed Cu(100) surfaces: Density functional theory calculations",
   year = "2009",
   journal = "Surface Science",
   volume = "603",
   pages = "3404-3409"
}

@ARTICLE{sellan2010a,
   author = "D. P. Sellan and E. S. Landry and J. E. Turney and A. J. H. McGaughey and C. H. Amon and A. J. H. McGaughey",
   title = "Size effects in molecular dynamics thermal conductivity prediction",
   year = "2010",
   journal = "Physical Review B",
   volume = "81",
   pages = "214305"
}


@ARTICLE{sellan2010b,
   author = "D. P. Sellan and J. E. Turney and A. J. H. McGaughey and C. H. Amon",
   title = "Cross-plane phonon transport in thin films",
   year = "2010",
   journal = "Journal of Applied Physics",
   volume = "108",
   pages = "113524"
}

@ARTICLE{thomas2010c,
   author = "J. A. Thomas and J. E. Turney and R. M. Iutzi and C. H. Amon and and A. J. H. McGaughey",
   title = "Predicting phonon dispersion relations and lifetimes from the spectral energy density",
   year = "2010",
   journal = "Physical Review B",
   volume = "81",
   pages = "081411(R)"
}

@ARTICLE{thomas2010b,
   author = "J. A. Thomas and R. M. Iutzi and A. J. H. McGaughey",
   title = "Thermal conductivity and phonon transport in empty and water-filled carbon nanotubes",
   year = "2010",
   journal = "Physical Review B",
   volume = "81",
   pages = "045413"
}

@ARTICLE{thomas2010a,
   author = "J. A. Thomas and A. J. H. McGaughey and O. Kuter-Arneback",
   title = "Pressure-driven water flow through carbon nanotubes: Insights from molecular dynamics simulations",
   year = "2010",
   journal = "International Journal of Thermal Sciences",
   volume = "49",
   pages = "481-489"
}

@ARTICLE{dekoker2009,
   author = "N. de Koker",
   title = "Thermal conductivity of {MgO} periclase from equilibrium first principles molecular dynamics",
   year = "2009",
   journal = "Physical Review Letters",
   volume = "103",
   pages = "125902"
}

@ARTICLE{marayuma2003,
   author = "S. Marayuma",
   title = "A MOLECULAR DYNAMICS SIMULATION OF HEAT CONDUCTION OF A FINITE LENGTH SINGLE-WALLED CARBON NANOTUBE ",
   year = "2003",
   journal = "Nanoscale and Microscale Thermophysical Engineering",
   volume = "7",
   pages = "41-50"
}

@Article{shiomi2006,
  title = {Non-Fourier heat conduction in a single-walled carbon nanotube: Classical molecular dynamics simulations},
  author = {Shiomi, Junichiro  and Maruyama, Shigeo },
  journal = {Phys. Rev. B},
  volume = {73},
  pages = {205420},
  numpages = {7},
  year = {2006},
  doi = {10.1103/PhysRevB.73.205420},
  publisher = {American Physical Society}
}


@Article{volz1996,
  title = {Transient Fourier-law deviation by molecular dynamics in solid argon},
  author = {Volz, Sebastian  and Saulnier, Jean-Bernard  and Lallemand, Michel  and Perrin, Bernard  and Depondt, Philippe  and Mareschal, Michel },
  journal = {Phys. Rev. B},
  volume = {54},
  number = {1},
  pages = {340--347},
  numpages = {7},
  year = {1996},
  month = {Jul},
  doi = {10.1103/PhysRevB.54.340},
  publisher = {American Physical Society}
}

@Article{wang1990,
  title = {Tight-binding molecular-dynamics study of phonon anharmonic effects in silicon and diamond},
  author = {Wang, C. Z. and Chan, C. T. and Ho, K. M.},
  journal = {Phys. Rev. B},
  volume = {42},
  number = {17},
  pages = {11276--11283},
  numpages = {7},
  year = {1990},
  month = {Dec},
  doi = {10.1103/PhysRevB.42.11276},
  publisher = {American Physical Society}
}

@article{turney2010,
author = {J. E. Turney and A. J. H. McGaughey and C. H. Amon},
collaboration = {},
title = {In-plane phonon transport in thin films},
publisher = {AIP},
year = {2010},
journal = {Journal of Applied Physics},
volume = {107},
number = {2},
eid = {024317},
numpages = {8},
pages = {024317},
keywords = {anharmonic lattice modes; argon; Boltzmann equation; elemental semiconductors; Lennard-Jones potential; molecular dynamics method; phonon-phonon interactions; phonons; quantum solids; semiconductor thin films; silicon; thermal conductivity},
url = {http://link.aip.org/link/?JAP/107/024317/1},
doi = {10.1063/1.3296394}
}



@MISC{sellan2010b,
    note = "D. P. Sellan, J. E. Turney, A. J. H. McGaughey, and C. H. Amon, submitted to {\em Journal of Applied Physics}."
}






@MISC{malen2009b,
    note = "J. A. Malen, K. Baheti, T. Tong, Y. Zhao, J. A. Hudgings, and A. Majumdar, submitted to {\em Review of Scientific Instruments}."
}

@MISC{malen2009c,
    note = "J. A. Malen, P. Doak, K. Baheti, T. D. Tilley, A. Majumdar, and R. Segalman, submitted to {\em Nanoletters}."
}

@inproceedings{landry2008c,
    author=   "E. S. Landry and T. Matsuura and A. J. H. McGaughey",
    title     = "Predicting the thermal boundary resistance of isolated and closely-spaced {Si/Si$_{1-x}$Ge$_x$} interfaces with molecular dynamics simulations",
    booktitle = "Proceedings of IMECE 2008",
    organization =  "ASME",
    note      = "Paper number IMECE2008-67484",
    year      = "2008"
}

@inproceedings{malen2009d,
    author=   "J. A. Malen and S. Yee and R. A. Segalman and A. Majumdar",
    title     = "Thermoelectric Energy Conversion from Metal-Fullerene-Metal Heterojunctions",
    booktitle = "Proceedings of IMECE 2009",
    organization =  "ASME",
    note      = "Paper number IMECE2009-12965",
    year      = "2009"
}

@inproceedings{malen2009e,
    author=   "J. A. Malen and A. Majumdar",
    title     = "Thermal Conductivity Measurements using Fiber Aligned Thermal Interrogation (FATI)",
    booktitle = "Proceedings of IMECE 2009",
    organization =  "ASME",
    note      = "Paper number IMECE2009-12961",
    year      = "2009"
}

@MISC{landry2008d,
    note = "E. S. Landry and A. J. H. McGaughey, submitted to {\em Physical Review B}."
}

@Article{maradudin1962,
  title = {Scattering of Neutrons by an Anharmonic Crystal},
  author = {Maradudin, A. A. and Fein, A. E.},
  journal = {Physical Review},
  volume = {128},
  pages = {2589--2608},
  numpages = {19},
  year = {1962},
  doi = {10.1103/PhysRev.128.2589},
  publisher = {American Physical Society}
}

@Article{wallace1966a,
  title = {Renormalization and Statistical Mechanics in Many-Particle Systems. I. Hamiltonian Perturbation Method},
  author = {Wallace, Duane C.},
  journal = {Physical Review},
  volume = {152},
  number = {1},
  pages = {247--260},
  numpages = {13},
  year = {1966},
  month = {Dec},
  doi = {10.1103/PhysRev.152.247},
  publisher = {American Physical Society}
}

@Article{wallace1966b,
  title = {Renormalization and Statistical Mechanics in Many-Particle Systems. II. Statistical Perturbation Method},
  author = {Wallace, Duane C.},
  journal = {Physical Review},
  volume = {152},
  number = {1},
  pages = {261--269},
  numpages = {8},
  year = {1966},
  month = {Dec},
  doi = {10.1103/PhysRev.152.261},
  publisher = {American Physical Society}
}



@inproceedings{mikkilineni2007,
    author=   "S. Mikkilineni and E. S. Landry and A. J. H. McGaughey",
    title     = "Subcritical and supercritical nanodroplet evaporation: A molecular dynamics investigation",
    booktitle = "Proceedings of SHTC 2007",
    organization =  "ASME",
    note      = "Paper number HT2007-32418",
    year      = "2007"
}



@inproceedings{mcgaughey2006,
    author=   "A. J. H. McGaughey and J. Li",
    title     = "Molecular Dynamics Prediction of the Thermal Resistance of Solid--Solid Interfaces in Superlattices",
    booktitle = "Proceedings of IMECE 2006",
    organization =  "ASME",
    note      = "Paper number IMECE2006-13590",
    year      = "2006"
}


@ARTICLE{mcgaughey2011a,
   author = "A. J. H. McGaughey and E. S. Landry and D. P. Sellan and C. H. Amon",
   title = "Size-dependent model for thin film and nanowire thermal conductivity",
   year = "2011",
   journal = "Applied Physics Letters",
   volume = "99",
   pages = "131904"
}

@ARTICLE{mcgaughey2006b,
   author = "A. J. H. McGaughey and M. I. Hussein and E. S. Landry and M. Kaviany and G. M. Hulbert",
   title = "Phonon Band Structure and Thermal Transport Correlation in a Layered Diatomic Crystal",
   year = "2006",
   journal = "Physical Review B",
   volume = "74",
   pages = "104304"
}
@ARTICLE{thomas2007,
   author = "J. A. Thomas and A. J. H. McGaughey",
   title = "Effect of surface wettability on liquid density, structure, and diffusion near a solid surface",
   year = "2007",
   journal = "Journal of Chemical Physics",
   volume = "126",
   pages = "034707"
}

@ARTICLE{thomas2008a,
   author = "J. A. Thomas and A. J. H. McGaughey",
   title = "Density, distribution, and orientation of water molecules inside and outside carbon nanotubes",
   year = "2008",
   journal = "Journal of Chemical Physics",
   volume = "128",
   pages = "084715"
}

@ARTICLE{thomas2008b,
   author = "J. A. Thomas and A. J. H. McGaughey",
   title = "Reassessing fast water transport through carbon nanotubes",
   year = "2008",
   journal = "Nanoletters",
   volume = "8",
   pages = "2788-2793"
}

@ARTICLE{thomas2009,
   author = "J. A. Thomas and A. J. H. McGaughey",
   title = "Water flow in carbon nanotubes: {T}ransition to subcontinuum flow",
   year = "2009",
   journal = "Physical Review Letters",
   volume = "102",
   pages = "184502"
}

@MISC{jee2008,
    note = "S. E. Jee, A. J. H. McGaughey, and D. S. Sholl, {``}Molecular Simulations of Hydrogen and
    Methane Permeation Through Pore Mouth Modified Zeolite Membranes{"}, to appear in {\em Molecular Simulation}."
}

@ARTICLE{joseph2008,
   author = "S. Joseph and N. R. Aluru",
   title = "Why Are Carbon Nanotubes Fast Transporters of Water?",
   year = "2008",
   journal = "Nano Letters",
   volume = "8",
   pages = "452-458"
}

@ARTICLE{verweij2008,
   author = "H. Verweij and M. C. Schillo and J. Li",
   title = "Fast Mass Transport Through Carbon Nanotube Membranes",
   year = "2008",
   journal = "Small",
   volume = "3",
   pages = "1996-2004"
}

@ARTICLE{tse1988,
   author = "J. S. Tse and M. A. White",
   title = "Origin of the Glassy Crystalline Behavior in the Thermal Properties of Clathrate Hydrates:  {A} Thermal Conductivity Study of Tetrahydrofuron Hydrate",
   year = "1988",
   journal = "Journal of Physical Chemistry",
   volume = "92",
   pages = "5006"
}


@ARTICLE{huang2007a,
   author = "B. L. Huang and A. J. H. McGaughey and M. Kaviany",
   title = "Thermal conductivity of metal-organic framework 5 ({MOF}-5): Part {I}. {M}olecular dynamics simulations",
   year = "2007",
   journal = "International Journal of Heat and Mass Transfer",
   volume = "50",
   pages = "393-404"
}

@ARTICLE{huang2007b,
   author = "B. L. Huang and Z. Ni and A. Millward and A. J. H. McGaughey and C. Uher and M. Kaviany and O. Yaghi",
   title = "Thermal conductivity of metal-organic framework 5 ({MOF}-5): Part {II}. {M}easurement",
   year = "2007",
   journal = "International Journal of Heat and Mass Transfer",
   volume = "50",
   pages = "405-411"
}


@article{borca2002,
     author = "T. Borca-Tasciuc and D. W. Song and J. R. Meyer and I. Vurgaftman and M.-J. Yang and B. Z. Nosho and L. J. Whitman and H. Lee and R. U. Martinelli and G. W. Turner and M. J. Manfra and G. Chen",
     journal = "Journal of Applied Physics",
     title = "Thermal Conductivity of {A}l{A}s$_{0.07}${S}b$_{0.93}$ and {A}l$_{0.9}${G}a$_{0.1}${A}s$_{0.07}${S}b$_{0.93}$ Alloys and ({A}l{A}s)$_1$ / ({A}l{S}b)$_{11}$ Digital-Alloy Superlattices",
     year = "2002",
     volume = "92",
     pages = "4994-4998"
}

@article{bean1984,
     author = "J. C. Bean and L. C. Feldman and A. T. Flory and S. Nakahana and I. K. Robinson",
     journal = "Journal of Vacuum Science and Technology A",
     title = "Ge$_x$ {S}i$_{1-x}$ Strained-layer Superlattice Grown by Molecular Beam Epitaxy",
     year = "1984",
     volume = "2",
     pages = "436-440"
}

@article{wu2002,
     author = "Y. Wu and R. Fan and P. Yang",
     journal = "Nano Letters",
     title = "Block-by-Block Growth of Single Crystalline {S}i/{S}i{G}e Superlattice Nanowires",
     year = "2002",
     volume = "2",
     pages = "83-86"
}

@inproceedings{yadav2006,
    author=   "A. Yadav and K. P. Pipe and W. Ye and R. S. Goldman",
    title     = "Thermoelectric Properties of vertically-Aligned {I}n{A}s/{G}a{A}s Quantum Dot Superlattices",
    booktitle = "Electronic Materials Conference",
    note      = "Penn State",
    month    = "June",
    year      = "2006"
}

@article{cahill1992,
     author = "D. G. Cahill and S. K. Watson and R. O. Pohl",
     journal = "Physical Review B",
     title = "Lower Limit to Thermal Conductivity of Disordered Crystals",
     year = "1992",
     volume = "46",
     pages = "6131-6140"
}


@article{yang2002,
     author = "B. Yang and W. L. Liu and J. L. Liu and K. L. Wang and G. Chen",
     journal = "Applied Physics Letters",
     title = "Measurements of Anisotropic Thermoelectric Properties in Superlattices",
     year = "2002",
     volume = "81",
     pages = "3588-3590"
}

@article{stillinger1985,
     author = "F. H. Stillinger and T. A. Weber",
     journal = "Physical Review B",
     title = "Computer Simulation of Local Order in Condensed Phases of Silicon",
     year = "1985",
     volume = "31",
     pages = "5262-5271"
}

@article{ding1986,
     author = "K. Ding and H. C. Andersen",
     journal = "Physical Review B",
     title = "Molecular-dynamics simulation of amorphous germanium",
     year = "1986",
     volume = "34",
     pages = "6987-6991"
}

@article{albe2002,
     author = "K. Albe and K. Nordlund and J. Nord and A. Kuronen",
     journal = "Physical Review B",
     title = "Modeling of Compound Semiconductors: Analytical Bond-Order Potential for {G}a, {A}s, and {G}a{A}s",
     year = "2002",
     volume = "66",
     pages = "035205"
}

@article{murdick2006,
     author = "D. A. Murdick and X. W. Zhou and H. N. G. Wadley and D. Nguyen-Manh and R. Drautz and D. G. Pettifor",
     journal = "Physical Review B",
     title = "Analytic Bond-Order Potential for the Gallium Arsenide System",
     year = "2006",
     volume = "73",
     pages = "045206"
}

@article{kresse1996a,
     author = "G. Kresse and J. Furthmuller",
     journal = "Physical Review B",
     title = "Efficient Iterative Schemes for Ab Initio Total-Energy Calculations Using a Plane-Wave Basis Set",
     year = "1996",
     volume = "54",
     pages = "11169-11186"
}
@article{kresse1996b,
     author = "G. Kresse and J. Furthmuller",
     journal = "Computational Materials Science",
     title = "Efficiency of Ab-Initio Total Energy Calculations for Metals and Semiconductors Using a Plane-Wave Basis Set",
     year = "1996",
     volume = "6",
     pages = "15-50"
}
@article{kresse1993,
     author = "G. Kresse and J. Hafner",
     journal = "Physical Review B",
     title = "Ab initio molecular dynamics for liquid-metals",
     year = "1993",
     volume = "47",
     pages = "558-561"
}

@article{mishin1999,
     author = "Y. Mishin and D. Farkas and M. J. Mehl and D. A. Papaconstantopoulos",
     journal = "Physical Review B",
     title = "Interatomic Potentials for Monoatomic Metals from Experimental Data and Ab Initio Calculations",
     year = "1999",
     volume = "59",
     pages = "3393-3407"
}

@article{mishin2001,
     author = "Y. Mishin and M. J. Mehl and D. A. Papaconstantopoulos and A. F. Voter and J. D. Kress",
     journal = "Physical Review B",
     title = "Structural Stability and Lattice Defects in Copper: Ab Initio, Tight-Binding, and Embedded-Atom Calculations",
     year = "2001",
     volume = "63",
     pages = "224106"
}


@article{simkin2000,
     author = "M. V. Simkin and G. D. Mahan",
     journal = "Physical Review Letters",
     title = "Minimum Thermal Conductivity of Superlattices",
     year = "2000",
     volume = "84",
     pages = "927-930"
}
@article{shenogin2006,
     author = "S. Shenogin and P. Keblinski and D. Bedrov and G. D. Smith",
     journal = "Journal of Chemical Physics",
     title = "Thermal relaxation mechanism and role of chemical functionalization in fullerene solutions",
     year = "2006",
     volume = "124",
     pages = "014702"
}
@article{kim2006,
     author = "W. Kim and J. Zide and A. Gossard and D. Klenov and S. Stemmer and A. Shakouri and A. Majumdar",
     journal = "Physical Review Letters",
     title = "Thermal Conductivity Reduction and Thermoelectric Figure of Merit Increase by Embedding Nanoparticles in Crystalline Semiconductors",
     year = "2006",
     volume = "96",
     pages = "045901"
}
@article{broido2004,
     author = "D. A. Broido and T. L. Reinecke",
     journal = "Physical Review B",
     title = "Lattice Thermal Conductivity of Superlattice Structures",
     year = "2004",
     volume = "70",
     pages = "081310(R)"
}
@article{broido2005,
     author = "D. A. Broido and A. Ward and N. Mingo",
     journal = "Physical Review B",
     title = "Lattice Thermal Conductivity of Silicon From Empirical Interatomic Potentials",
     year = "2005",
     volume = "72",
     pages = "014308"
}

@article{broido2007,
     author = "D. A. Broido and M. Maloney and G. Birner and N. Mingo and D. Stewart",
     journal = "Applied Physics Letters",
     title = "Intrinsic Lattice Thermal Conductivity of Semiconductors from First Principles",
     year = "2007",
     volume = "91",
     pages = "231922"
}

@article{ward2008,
     author = "A. Ward and D. A. Broido",
     journal = "Physical Review B",
     title = "Intrinsic lattice thermal conductivity of {S}i/{G}e and {G}a{A}s/{A}l{A}s superlattices",
     year = "2008",
     volume = "77",
     pages = "245328"
}

@article{omini1993,
     author = "M. Omini and A. Sparavigna",
     journal = "Philosophical Magazine B",
     title = "Thermal Conductivity of Rare Gas Crystals: The Role of Three-Phonon Processes",
     year = "1993",
     volume = "68",
     pages = "767-785"
}

@article{omini1996,
     author = "M. Omini and A. Sparavigna",
     journal = "Physical Review B",
     title = "Beyond the isotropic assumption in the theory of thermal conductivity",
     year = "1996",
     volume = "53",
     pages = "9064-9073"
}

@article{sparavigna2002a,
     author = "A. Sparavigna",
     journal = "Physical Review B",
     title = "Influence of isotope scattering on the thermal conductivity of diamond",
     year = "2002",
     volume = "65",
     pages = "064305"
}

@article{sparavigna2002b,
     author = "A. Sparavigna",
     journal = "Physical Review B",
     title = "Lattice thermal conductivity in cubic silicon carbide",
     year = "2002",
     volume = "66",
     pages = "174301"
}

@article{sparavigna2003,
     author = "A. Sparavigna",
     journal = "Physical Review B",
     title = "Role of nonpairwise interactions on phonon thermal transport",
     year = "2003",
     volume = "67",
     pages = "144305"
}

@article{omini1997,
     author = "M. Omini and A. Sparavigna",
     journal = "Nuovo Cimento D",
     title = "Thermal Conductivity of dielectric solids with diamond structure",
     year = "1997",
     volume = "19",
     pages = "1537"
}

@article{bies2000,
     author = "W. E. Bies and R. J. Radtke and H. Ehrenreich",
     journal = "Journal of Applied Physics",
     title = "Phonon Dispersion Effects and the Thermal Conductivity Reduction in {G}a{A}s/{A}l{A}s Superlattices",
     year = "2000",
     volume = "88",
     pages = "1498-1503"
}
 @article{chen2003,
     author = "G. Chen and M. S. Dresselhaus and G. Dresselhaus and J.-P Fleurial and T. Caillat",
     journal = "International Materials Reviews",
     title = "Recent Developments in Thermoelectric Materials",
     year = "2003",
     volume = "48",
     pages = "45-66"
}
@article{chen2003b,
author = {Gang Chen},
collaboration = {},
title = {Diffusion--transmission interface condition for electron and phonon transport},
publisher = {AIP},
year = {2003},
journal = {Applied Physics Letters},
volume = {82},
number = {6},
pages = {991-993},
keywords = {interface phenomena; electrical conductivity; interface phonons; thermionic electron emission},
url = {http://link.aip.org/link/?APL/82/991/1},
doi = {10.1063/1.1543239}
}



@article{yang2001,
     author = "B. Yang and G. Chen",
     journal = "Microscale Thermophysical Engineering",
     title = "Lattice Dynamics Study of Anisotropic Heat Conduction in Superlattices",
     year = "2001",
     volume = "5",
     pages = "107-116"
}
@article{yang2004,
     author = "R. Yang and G. Chen",
     journal = "Physical Review B",
     title = "Thermal Conductivity Modeling of Periodic Two-dimensional Nanocomposites",
     year = "2004",
     volume = "69",
     pages = "195316"
}
@article{dames2004,
     author = "C. Dames and G. Chen",
     journal = "Journal of Applied Physics",
     title = "Theoretical Phonon Thermal Conductivity of {S}i/{G}e Superlattice Nanowires",
     year = "2004",
     volume = "95",
     pages = "682-693"
}
@article{schelling2004,
     author = "P. K. Schelling and S. R. Phillpot and P. Keblinski",
     journal = "Journal of Applied Physics",
     title = "Kapitza conductance and phonon scattering at grain boundaries by simulation",
     year = "2004",
     volume = "95",
     pages = "6082-6091"
}
@article{puech1986,
     author = "L. Puech and G. Bonfait and B. Castaing",
     journal = "Journal of Low Temperature Physics",
     title = "Mobility of the $^3${H}e solid--liquid interface: Experiment and Theory",
     year = "1986",
     volume = "62",
     pages = "315-327"
}
@article{schelling2003,
     author = "P. K. Schelling and S. R. Phillpot",
     journal = "Journal of Applied Physics",
     title = "Multiscale Simulation of Phonon Transport in Superlattices",
     year = "2003",
     volume = "93",
     pages = "5377-5387"
}
@article{imamura2003,
     author = "K. Imamura and Y. Tanaka and N. Nishiguchi and S. Tamura and H. J. Maris",
     journal = "Journal of Physics: Condensed Matter",
     title = "Lattice Thermal Conductivity in Superlattices: Molecular Dynamics Calculations With a Heat Reservoir Method",
     year = "2003",
     volume = "15",
     pages = "8679-8690"
}
@article{volz2000,
     author = "S. Volz and J. B. Saulnier and G. Chen and P. Beauchamp",
     journal = "Microelectronics Journal",
     title = "Computation of Thermal Conductivity of {S}i/{G}e Superlattices by Molecular Dynamics Techniques",
     year = "2000",
     volume = "31",
     pages = "815-819"
}
@article{volz2000b,
     author = "S. Volz and G. Chen",
     journal = "Physical Review B",
     title = "Molecular-dynamics simulation of thermal conductivity of silicon crystals",
     year = "2000",
     volume = "61",
     pages = "2651-2656"
}

@ARTICLE{chen2004,
   author = "Y. Chen and D. Li and J. Yang and Y. Wu and J. R. Lukes and A. Majumdar",
   title = "Molecular Dynamics Study of the Lattice Thermal Conductivity of {K}r/{A}r Superlattice Nanowires",
   year = "2004",
   journal = "Physica B",
   volume = "349",
   pages = "270-280"
}
@ARTICLE{liang2000,
   author = "X.-G. Liang and B. Shi",
   title = "Two-dimensional Molecular Dynamics Simulation of the Thermal Conductance of Superlattices",
   year = "2000",
   journal = "Materials Science and Engineering A",
   volume = "292",
   pages = "198-202"
}
@ARTICLE{abramson2002,
   author = "A. R. Abramson and C.-L. Tien and A. Majumdar",
   title = "Interface and Strain Effects on the Thermal Conductivity of Heterostructures: A Molecular Dynamics Study",
   year = "2002",
   journal = "Journal of Heat Transfer",
   volume = "124",
   pages = "963"
}
@ARTICLE{hegedus2006,
   author = "P. J. Hegedus and A. R. Abramson",
   title = "A molecular dynamics study of interfacial thermal transport in heterogeneous systems",
   year = "2006",
   journal = "International Journal of Heat and Mass Transfer",
   volume = "49",
   pages = "4921-4931"
}

@ARTICLE{allen1999,
   author = "P. B. Allen and J. L. Feldman and J. Fabian and F. Wooten",
   title = "Diffusons, locons, and propagons: character of atomic vibrations in amorphous {S}i",
   year = "1999",
   journal = "Philosophical Magazine B",
   volume = "79",
   pages = "1715-1731"
}

@ARTICLE{schelling2001,
   author = "P. K. Schelling and S. R. Phillpot",
   title = "Mechanism of Thermal Transport in Zirconia and Yttria-Stabilized Zirconia By Molecular-Dynamics Simulation",
   year = "2001",
   journal = "Journal of the American Chemical Society",
   volume = "84",
   pages = "2997-3007"
}


@ARTICLE{zhao2005,
   author = "H. Zhao and J. B. Freund",
   title = "Lattice-dynamical Calculation of Phonon Scattering at Ideal {S}i-{G}e Interfaces",
   year = "2005",
   journal = "Journal of Applied Physics",
   volume = "97",
   pages = "024903"
}
@ARTICLE{daly2002,
   author = "B. C. Daly and H. J. Maris and K. Imamura and S. Tamura",
   title = "Molecular Dynamics Calculation of the Thermal Conductivity of Superlattices",
   year = "2002",
   journal = "Physical Review B",
   volume = "66",
   pages = "024301"
}
@ARTICLE{daly2003,
   author = "B. C. Daly and H. J. Maris and Y. Tanaka and S. Tamura",
   title = "Molecular Dynamics Calculation of the In-plane Thermal Conductivity of {G}a{A}s/{A}l{A}s Superlattices",
   year = "2003",
   journal = "Physical Review B",
   volume = "67",
   pages = "033308"
}
@ARTICLE{twu2003,
   author = "C.-J. Twu and J.-R. Ho",
   title = "Molecular-dynamics Study of Energy Flow and the {K}apitza Conductance Across an Interface with Imperfection Formed by Two Dielectric Thin Films",
   year = "2003",
   journal = "Physical Review B",
   volume = "67",
   pages = "205422"
}
@ARTICLE{young1989,
   author = "D. A. Young and H. J. Maris",
   title = "Lattice-dynamical Calculation of the {K}apitza Resistance Between Fcc Lattices",
   year = "1989",
   journal = "Physical Review B",
   volume = "40",
   pages = "3685-3693"
}

@Article{petersson1990,
  title = {Theory of the thermal boundary resistance between dissimilar lattices},
  author = {Pettersson, S.  and Mahan, G. D.},
  journal = {Physical Review B},
  volume = {42},
  number = {12},
  pages = {7386--7390},
  numpages = {4},
  year = {1990},
  month = {Oct},
  doi = {10.1103/PhysRevB.42.7386},
  publisher = {American Physical Society}
}


@ARTICLE{stoner1993,
   author = "R. J. Stoner and H. J. Maris",
   title = "Kapitza Conductance and Heat Flow Between Solids At Temperatures from 50 to 300 {K}",
   year = "1993",
   journal = "Physical Review B",
   volume = "48",
   pages = "16373-16387"
}

@ARTICLE{swartz1987,
   author = "E. T. Swartz and R. O. Pohl",
   title = "Thermal Resistance at Interfaces",
   year = "1987",
   journal = "Applied Physics Letters",
   volume = "51",
   pages = "2200-2202"
}


 @ARTICLE{maiti1997,
   author = "A. Maiti and G. D. Mahan and S. T. Pantelides",
   title = "Dynamical Simulation of Nonequilibrium Processes - Heat Flow and the {K}apitza Resistance Across Grain Boundaries",
   year = "1997",
   journal = "Solid State Communications",
   volume = "102",
   pages = "517-521"
}

@ARTICLE{barrat2003,
   author = "J.-L. Barrat and F. Chiaruttini",
   title = "Kapitza Resistance at the Liquid-solid Interface",
   year = "2003",
   journal = "Molecular Physics",
   volume = "101",
   pages = "1605-1610"
}
@ARTICLE{fagas1999,
   author = "G. Fagas and A. G. Kozorezov and C. J. Lambert and J. K. Wigmore",
   title = "Lattice-dynamical Calculation of Phonon Scaterring at a Disordered Interface",
   year = "1999",
   journal = "Physica B",
   volume = "263-264",
   pages = "739-741"
}
@ARTICLE{freund2005,
   author = "J. B. Freund",
   title = "The Atomic Detail of an Evaporating Meniscus",
   year = "2005",
   journal = "Physics of Fluids",
   volume = "17",
   pages = "022104"
}
@ARTICLE{nan1998,
   author = "C.-W. Nan and R. Birringer",
   title = "Determining the {K}apitza resistance and the Thermal Conductivity of Polycrystals: A Simple Model",
   year = "1998",
   journal = "Physical Review B",
   volume = "57",
   pages = "8264-8268"
}
@ARTICLE{patel2005,
   author = "H. A. Patel and S. Garde and P. Keblinksi",
   title = "Thermal Resistance of Nanoscopic Liquid-liquid Interfaces: Dependence on Chemistry and Molecular Architecture",
   year = "2005",
   journal = "Nano Letters",
   volume = "5",
   pages = "2225-2231"
}
@ARTICLE{pettersson1990,
   author = "S. Pettersson and G. D. Mahan",
   title = "Theory of Thermal Boundary Resistance Between Dissimilar Lattices",
   year = "1990",
   journal = "Physical Review B",
   volume = "42",
   pages = "7386-7390"
}
@ARTICLE{pickett1996,
   author = "W. E. Pickett and J. L. Feldman and J. Deppe",
   title = "Thermal Transport Across Boundaries in Diamond Structure Materials",
   year = "1996",
   journal = "Modeling Simul. Mater. Sci. Eng.",
   volume = "4",
   pages = "409-419"
}
@ARTICLE{stoner1993,
   author = "R. J. Stoner and H. J. Maris",
   title = "Kapitza Conductance and Heat Flow Between Solids at Temperatures from 50 to 300 K",
   year = "1993",
   journal = "Physical Review B",
   volume = "48",
   pages = "16373-16387"
}
@ARTICLE{swartz1989,
   author = "E. T. Swartz and R. O. Pohl",
   title = "Thermal Boundary Resistance",
   year = "1989",
   journal = "Review of Modern Physics",
   volume = "61",
   pages = "605-668"
}

@article{goicochea2010,
author = {J. V. Goicochea and M. Madrid and C. H. Amon},
collaboration = {},
title = {Thermal Properties for Bulk Silicon Based on the Determination of Relaxation Times Using Molecular Dynamics},
publisher = {ASME},
year = {2010},
journal = {Journal of Heat Transfer},
volume = {132},
pages = {012401},
}


@ARTICLE{mcgaughey2004a,
   author = "A. J. H. McGaughey and M. Kaviany",
   title = "Thermal conductivity decomposition and analysis using molecular dynamics simulations. {P}art {I}. {L}ennard-{J}ones argon",
   year = "2004",
   journal = "International Journal of Heat and Mass Transfer",
   volume = "47",
   pages = "1783-1798"
}

@ARTICLE{mcgaughey2004b,
   author = "A. J. H. McGaughey and M. Kaviany",
   title = "Thermal conductivity decomposition and analysis using molecular dynamics simulations. {P}art {II}. {C}omplex Silica Structures",
   year = "2004",
   journal = "International Journal of Heat and Mass Transfer",
   volume = "47",
   pages = "1799-1816"
}

@ARTICLE{mcgaughey2004c,
   author = "A. J. H. McGaughey and M. Kaviany",
   title = "Quantitative Validation of the {B}oltzmann Transport Equation Phonon Thermal Conductivity Model Under the Single-mode Relaxation Time Approximation",
   year = "2004",
   journal = "Physical Review B",
   volume = "69",
   pages = "094303"
}

@ARTICLE{mcgaughey2005,
   author = "A. J. H. McGaughey and M. Kaviany",
   title = "Observation and Description of Phonon Interactions in Molecular Dynamics Simulations",
   year = "2005",
   journal = "Physical Review B",
   volume = "71",
   pages = "184305"
}

@ARTICLE{schelling2002,
   author = "P. K. Schelling and S. R. Phillpot and P. Keblinski",
   title = "Comparison of atomic-level simulation methods for computing thermal conductivity",
   year = "2002",
   journal = "Physical Review B",
   volume = "65",
   pages = "144306"
}


@ARTICLE{ladd1986,
   author = "A. J. C. Ladd and B. Moran and W. G. Hoover",
   title = "Lattice thermal conductivity: A comparison of molecular dynamics and anharmonic lattice dynamics",
   year = "1986",
   journal = "Physical Review B",
   volume = "34",
   pages = "5058-5064"
}


@ARTICLE{lukes2000,
   author = "J. R. Lukes and D. Y. Li and X.-G. Liang and C.-L. Tien",
   title = "Molecular Dynamics Study of Solid Thin-film Thermal Conductivity",
   year = "2000",
   journal = "Journal of Heat Transfer",
   volume = "122",
   pages = "536-543"
}
@ARTICLE{abramson2002,
   author = "A. A. Abramson and C.-L. Tien and A. Majumdar",
   title = "Interface and Strain Effects on the Thermal Conductivity of Heterostructures: A Molecular Dynamics Study",
   year = "2002",
   journal = "Journal of Heat Transfer",
   volume = "124",
   pages = "963-970"
}
@ARTICLE{chantrenne2004,
   author = "P. Chantrenne and J.-L. Barrat",
   year = "2004",
   journal = "Journal of Heat Transfer",
   volume = "126",
   pages = "577-585"
}
@ARTICLE{lukes2004,
   author = "J. Lukes and C.-L. Tien",
   title = "Molecular Dynamics Study of Solid Thin-film Thermal Conductivity",
   year = "2004",
   journal = "Microscale Thermophysical Engineering",
   volume = "8",
   pages = "341-359"
}
@ARTICLE{chen2004,
   author = "Y. Chen and D. Li and J. Yang and Y. Wu and J. R. Lukes and A. Majumdar",
   title = "Molecular Dynamics Study of the Lattice Thermal Conductivity of Kr/Ar Superlattice Nanowires",
   year = "2004",
   journal = "Physica B",
   volume = "349",
   pages = "270-280"
}
@ARTICLE{chen2005,
   author = "Y. Chen and D. Li and J. R. Lukes and Z. Ni and M. Chen",
   title = "Minimum Superlattice Thermal Conductivity from Molecular Dynamics",
   year = "2005",
   journal = "Physical Review B",
   volume = "72",
   pages = "174302"
}

@ARTICLE{zhong2006,
   author = "H. Zhong and J. R. Lukes",
   title = "Interfacial thermal resistance between carbon nanotubes: Molecular dynamics simulations and analytical thermal modeling",
   year = "2006",
   journal = "Physical Review B",
   volume = "74",
   pages = "125403"
}

@ARTICLE{lukes2007,
   author = "J. R. Lukes and H. Zhong",
   title = "Thermal Conductivity of Individual Single-Wall Carbon Nanotubes",
   year = "2007",
   journal = "Journal of Heat Transfer",
   volume = "129",
   pages = "705-716"
}

@ARTICLE{mingo2005,
   author = "N. Mingo and D. A. Broido",
   title = "Length Dependence of Carbon Nanotube Thermal Conductivity and the Problem of Long Waves",
   year = "2005",
   journal = "Nano Letters",
   volume = "5",
   pages = "1221-1225"
}

@ARTICLE{kim2001,
   author = "P. Kim and L. Shi and A. Majumdar and P. L. McEuen",
   title = "Thermal Transport Measurements of Individual Multiwalled Nanotubes",
   year = "2001",
   journal = "Physical Review Letters",
   volume = "87",
   pages = "215502"
}

@ARTICLE{fujii2005,
   author = "M. Fujii and X. Zhang and H. Xie and H. Ago and K. Takahashi and T. Ikuta and H. Abe and T. Shimizu",
   title = "Measuring the Thermal Conductivity of a Single Carbon Nanotube",
   year = "2005",
   journal = "Physical Review Letters",
   volume = "95",
   pages = "065502"
}

@ARTICLE{choi2006,
   author = "T.-Y. Choi and D. Poulikakos and J. Tharian and U. Sennhauser",
   title = "Measurement of the Thermal Conductivity of Individual Carbon Nanotubes by the Four-Point Three-$\omega$ Method",
   year = "2006",
   journal = "Nanoletters",
   volume = "6",
   pages = "1589-1593"
}

@ARTICLE{yu2005,
   author = "C. H. Yu and L. Shi and Z. Yao and D. Li and A. Majumdar",
   title = "Thermal Conductance and Thermopower of an Individual Single-Wall Carbon Nanotube",
   year = "2005",
   journal = "Nanoletters",
   volume = "5",
   pages = "1842-1846"
}

@ARTICLE{pop2006,
   author = "E. Pop and D. Mann and Q. Wang and K. Goodson and H. Dai",
   title = "Thermal Conductance of an Individual Single-Wall Carbon Nanotube Above Room Temperature",
   year = "2006",
   journal = "Nanoletters",
   volume = "6",
   pages = "96-100"
}

@ARTICLE{prasher2008,
   author = "R. Prasher",
   title = "Thermal boundary resistance and thermal conductivity of multiwalled carbon nanotubes",
   year = "2008",
   journal = "Physical Review B",
   volume = "77",
   pages = "075424"
}



@ARTICLE{bryning2007,
   author = "M. B. Bryning and D. E. Milkie and M. F. Islam and L. A. Hough and J. M. Kikkawa and A. G. Yodh",
   title = "Carbon Nanotube Aerogels",
   year = "2007",
   journal = "Advanced Materials",
   volume = "19",
   pages = "661-664"
}

@article{angadi2006,
   author = "M. A. Angadi and T. Watanabe and A. Bodapati and X. Xiao and O. Auciello and J. A. Carlisle and J. A. Eastman and P. Keblinski and P. K. Schelling and S. R. Phillpot",
  title = "Thermal transport and grain boundary conductance in ultrananocrystalline diamond thin films",
   year = "2006",
   journal = "Journal of Applied Physics",
   volume = "99",
   pages = "114301"
}

@article{bodapati2006,
   author = "A. Bodapati and P. Keblinski and P. K. Schelling and S. R. Phillpot",
  title = "Crossover in thermal transport mechanism in nanocrystalline silicon",
   year = "2006",
   journal = "Applied Physics Letters",
   volume = "88",
   pages = "141908"
}

@article{bodapati2006b,
   author = "A. Bodapati and P. K. Schelling and  S. R. Phillpot and P. Keblinski",
  title = "Vibrations and thermal transport in nanocrystalline silicon",
   year = "2006",
   journal = "Physical Review B",
   volume = "74",
   pages = "245207"
}

@article{katerberg1977,
   author = "J. A. Katerberg and C. L. Reynolds and A. C. Anderson",
  title = "Calculations of the thermal boundary resistance",
   year = "1977",
   journal = "Physical Review B",
   volume = "16",
   pages = "673-679"
}

@article{schelling2002b,
   author = "P. K. Schelling and S. R. Phillpot and P. Keblinski",
  title = "Phonon wave-packet dynamics at semiconductor interfaces by molecular-dynamics simulation",
   year = "2002",
   journal = "Applied Physics Letters",
   volume = "80",
   pages = "2484-2486"
}

@article{skye2008,
author = {Ashton Skye and Patrick K. Schelling},
collaboration = {},
title = {Thermal resistivity of Si--Ge alloys by molecular-dynamics simulation},
publisher = {AIP},
year = {2008},
journal = {Journal of Applied Physics},
volume = {103},
number = {11},
eid = {113524},
numpages = {6},
pages = {113524},
keywords = {Debye temperature; Ge-Si alloys; molecular dynamics method; point defect scattering; semiconductor materials; thermal conductivity},
url = {http://link.aip.org/link/?JAP/103/113524/1},
doi = {10.1063/1.2936868}
}


@article{becker2006,
   author = "B. Becker and P. K. Schelling and S. R. Phillpot",
  title = "Interfacial phonon scattering in semiconductor nanowires by molecular-dynamics simulation",
   year = "2006",
   journal = "Journal of Applied Physics",
   volume = "99",
   pages = "123715"
}

@article{kimmer2007,
   author = "C. Kimmer and S. Aubry and A. Skye and P. K. Schelling",
  title = "Scattering of phonons from high-energy grain boundary in silicon: Dependence on angle of incidence",
   year = "2007",
   journal = "Physical Review B",
   volume = "75",
   pages = "144105"
}

@article{aubry2008,
   author = "S. Aubry and C. Kimmer  and A. Skye and P. K. Schelling",
  title = "Comparison of theoretical and simulation-based predictions of grain-boundary Kapitza conductance in silicon",
   year = "2008",
   journal = "Physical Review B",
   volume = "78",
   pages = "064112"
}

@article{streitz1994,
   author = "F. H. Streitz and J. W. Mintmire",
  title = "Electrostatic potentials for metal-oxide surfaces and interfaces",
   year = "1994",
   journal = "Physical Review B",
   volume = "50",
   pages = "11996-12003"
}

@article{zhou2004,
   author = "X. W. Zhou and H. N. G. Wadley and J.-S. Filhol and M. N. Neurock",
  title = "Modified charge transfer-embedded atom method potential for metal/metal oxide systems",
   year = "2004",
   journal = "Physical Review B",
   volume = "69",
   pages = "035402"
}

@article{zhou2005,
   author = "X. W. Zhou and H. N. G. Wadley",
  title = "A charge transfer ionic-embedded atom method potential for the {O}-{A}l-{N}i-{C}o-{F}e system",
   year = "2005",
   journal = "Journal of Physics: Condensed Matter",
   volume = "17",
   pages = "3619-3635"
}

@article{yu2007,
   author = "J. Yu and S. B. Sinnott and S. R. Phillpot",
  title = "Charge Optimized Many-Body Potential for the {S}i/{S}i{O}$_2$ System",
   year = "2007",
   journal = "Physical Review B",
   volume = "75",
   pages = "085311"
}

@article{phelan1998,
   author = "P. E. Phelan",
  title = "Application of diffuse mismatch theory to the prediction of thermal boundary resistance in thin-film high-Tc superconductors",
   year = "1998",
   journal = "Journal of Heat Transfer",
   volume = "120",
   pages = "37-43"
}

@article{prasher2001,
   author = "R. S. Prasher and P. E. Phelan",
  title = "A Scattering-Mediated Acoustic Mismatch Model for the Prediction of Thermal Boundary Resistance",
   year = "2001",
   journal = "Journal of Heat Transfer",
   volume = "123",
   pages = "105-112"
}

@unpublished{gomes2006u,
   author = "C. J. Gomes and M. Madrid and J. V. Coicochea and C. H. Amon",
  note = "unpublished"
}

@unpublished{stevens2007u,
   author = "R. J. Stevens and L. V. Zhigilei and P. M. Norris",
  note = "to appear in {\em International Journal of Heat and Mass Transfer}"
}
@ARTICLE{stevens2007,
   author = "R. J. Stevens and L. V. Zhigilei and P. M. Norris",
   title = "Effects of temperature and disorder on thermal boundary conductance at solid–solid interfaces: Nonequilibrium molecular dynamics simulations",
   year = "2007",
   journal = "International Journal of Heat and Mass Transfer",
   volume = "50",
   pages = "3977-3989"
}


@unpublished{towe,
   author = "E. Towe",
  note = "private communication"
}

@ARTICLE{xue2004,
   author = "L. Xue and P. Keblinski and S. R. Phillpot and S. U.-S. Choi and J. A. Eastman",
   title = "Effect of liquid layering at the liquid–-solid interface on thermal transport",
   year = "2004",
   journal = "International Journal of Heat and Mass Transfer",
   volume = "47",
   pages = "4277-4284"
}
@ARTICLE{smith1990,
   author = "D. L. Smith and C. Mailhiot",
   title = "Theory of semiconductor superlattice electronic structure",
   year = "1990",
   journal = "Reviews of Modern Physics",
   volume = "62",
   pages = "173-234"
}
@ARTICLE{goodsen1999,
   author = "K. E. Goodsen and Y. S. Ju",
   title = "Heat conduction in novel electronic films",
   year = "1999",
   journal = "Annual Review of Materials Science",
   volume = "29",
   pages = "261-293"
}

@ARTICLE{aubertine2005,
   author = "D. B. Aubertine and P. C. McIntyre",
   title = "Influence of {G}e concentration and compressive biaxial stress on interdiffusion in {S}i-rich {S}i{G}e alloy heterostructures",
   year = "2005",
   journal = "Journal of Applied Physics",
   volume = "97",
   pages = "013531"
}

@ARTICLE{fabboni1999,
   author = "S. Frabboni and F. Gambetta and A. Armigliato and R. Balboni and S. Balboni and F. Cembali",
   title = "Lattice strain and static disorder determination in {S}i/{S}i$_{1-x}${G}e$_x$/{S}i heterostructures by convergent beam electron diffraction",
   year = "1999",
   journal = "Physical Review B",
   volume = "60",
   pages = "13750-13761"
}
@ARTICLE{tsai1995,
   author = "W. C. Tsai and C. Y. Chang and T. G. Jung and T. S. Liou and G. W. Huang and T. C. Chang and L. P. Chen and H. C. Lin",
   title = "Abruptness of {G}e composition at the {S}i/{S}i{G}e interface grown by ultrahigh vacuum chemical vapor deposition",
   year = "1995",
   journal = "Applied Physics Letters",
   volume = "67",
   pages = "1092-1094"
}
@ARTICLE{lombardo2005,
   author = "S. Lombardo and J. H. Stathis and B. P. Linder and K. L. Pey and F. Palumbo and C. H. Tung",
   title = "Dielectric breakdown mechanisms in gate oxides",
   year = "2005",
   journal = "Journal of Applied Physics",
   volume = "98",
   pages = "121301"
}

@ARTICLE{li1997,
   author = "J. Li and S. Yip",
   title = "Order-{N} method to calculate the local density of states",
   year = "1997",
   journal = "Physical Review B",
   volume = "56",
   pages = "3524-3527"
}

@ARTICLE{bongiorno2004,
   author = "A. Bongiorno and A. Pasquarello",
   title = "Atomistic model structure of the {S}i(100)–-{S}i{O}$_2$ interface from a synthesis of experimental data",
   year = "2004",
   journal = "Applied Surface Science",
   volume = "234",
   pages = "190-196"
}

@ARTICLE{bongiorno2003,
   author = "A. Bongiorno and A. Pasquarello",
   title = "Atomistic structure of the {S}i(100)–-{S}i{O}$_2$ interface: A synthesis of experimental data",
   year = "2003",
   journal = "Applied Physics Letters",
   volume = "83",
   pages = "1417-1419"
}

@ARTICLE{bongiorno2006,
   author = "A. Bongiorno and A. Pasquarello and M. S. Hybersten and L. C. Feldman",
   title = "Ion scattering simulations of the {S}i(100)--{S}i{O}$_2$ interface",
   year = "2006",
   journal = "Physical Review B",
   volume = "74",
   pages = "075316"
}

@ARTICLE{bongiorno2003b,
   author = "A. Bongiorno and A. Pasquarello and M. S. Hybersten and L. C. Feldman",
   title = "Transition Structure at the {S}i(100)--{S}i{O}$_2$ Interface",
   year = "2003",
   journal = "Physical Review Letters",
   volume = "90",
   pages = "186101"
}

@ARTICLE{dreiner2004,
   author = "S. Dreiner and M. Schurmann and C. Westphal",
   title = "Structural Analysis of the {S}i{O}$_2$--{S}i(100) Interface by Means of Photoelectron Diffraction",
   year = "2004",
   journal = "Physical Review Letters",
   volume = "93",
   pages = "126101"
}

@ARTICLE{giustino2005,
   author = "F. Giustino and A. Bongiorno and A. Pasquarello",
   title = "Equivalent oxide thickness of a thin oxide interlayer in gate insulator stacks on silicon",
   year = "2005",
   journal = "Applied Physics Letters",
   volume = "86",
   pages = "192901"
}

@ARTICLE{giustino2005b,
   author = "F. Giustino and A. Bongiorno and A. Pasquarello",
   title = "Atomistic models of the {S}i(100)--{S}i{O}$_2$ interface: structural, electronic and dielectric properties",
   year = "2005",
   journal = "Journal of Physics: Condensed Matter",
   volume = "17",
   pages = "S2065 - S2074"
}

@ARTICLE{pasquarello1998,
   author = "A. Pasquarello and M. S. Hybertsen and R. Car",
   title = "Interface structure between silicon and its oxide by first-principles molecular dynamics",
   year = "1998",
   journal = "Nature",
   volume = "396",
   pages = "58-60"
}

@ARTICLE{tu2000,
   author = "Y. Tu and J. Tersoff",
   title = "Structure and Energetics of the {S}i-{S}i{O}$_2$ Interface",
   year = "2000",
   journal = "Physical Review Letters",
   volume = "84",
   pages = "4393-4396"
}

@ARTICLE{watanabe2004,
   author = "T. Watanabe and K. Tatsumura and I. Ohdomari",
   title = "{S}i{O}$_2$/{S}i interface structure and its formation studied by large-scale molecular dynamics simulation",
   year = "2004",
   journal = "Applied Surface Science",
   volume = "237",
   pages = "125-133"
}

@ARTICLE{ju1999,
   author = "Y. S. Ju and K. E. Goodson",
   title = "Phonon scattering in silicon films with thickness of order 100 nm",
   year = "1999",
   journal = "Applied Physics Letters",
   volume = "74",
   pages = "3005-3007"
}

@ARTICLE{beechem2007,
   author = "T. Beechem and S. Graham and P. Hopkins and P. Norris",
   title = "Role of interface disorder on thermal boundary conductance using a virtual crystal approach",
   year = "2007",
   journal = "Applied Physics Letters",
   volume = "90",
   pages = "054104"
}

@ARTICLE{hopkins2007,
   author = "P. Hopkins and R. N. Salaway and R. J. Stevens and P. Norris",
   title = "Temperature-Dependent Thermal Boundary Conductance at {Al/Al$_2$O$_3$ and Pt/Al$_2$O$_3$} interfaces",
   year = "2007",
   journal = "International Journal of Thermal Physics",
   volume = "28",
   pages = "947-957"
}

@ARTICLE{reddy2005,
   author = "P. Reddy and K. Castelino and A. Majumdar",
   title = "Diffuse mismatch model of thermal boundary conductance using exact phonon dispersion",
   year = "2005",
   journal = "Applied Physics Letters",
   volume = "87",
   pages = "211908"
}

@article{majumdar2004,
author = {Arun Majumdar and Pramod Reddy},
collaboration = {},
title = {Role of electron--phonon coupling in thermal conductance of metal--nonmetal interfaces},
publisher = {AIP},
year = {2004},
journal = {Applied Physics Letters},
volume = {84},
number = {23},
pages = {4768-4770},
keywords = {thermal conductivity; phonon-phonon interactions; electron-phonon interactions; interface phonons},
url = {http://link.aip.org/link/?APL/84/4768/1},
doi = {10.1063/1.1758301}
}

@Article{sargeev1998,
  title = {Electronic Kapitza conductance due to inelastic electron-boundary scattering},
  author = {Sergeev, A. V.},
  journal = {Phys. Rev. B},
  volume = {58},
  number = {16},
  pages = {R10199--R10202},
  numpages = {3},
  year = {1998},
  month = {Oct},
  doi = {10.1103/PhysRevB.58.R10199},
  publisher = {American Physical Society}
}

@Article{huberman1994,
  title = {Electronic Kapitza conductance at a diamond-Pb interface},
  author = {Huberman, M. L. and Overhauser, A. W.},
  journal = {Phys. Rev. B},
  volume = {50},
  number = {5},
  pages = {2865--2873},
  numpages = {8},
  year = {1994},
  month = {Aug},
  doi = {10.1103/PhysRevB.50.2865},
  publisher = {American Physical Society}
}


@article{mahan2009,
author = {G. D. Mahan},
collaboration = {},
title = {Kapitza thermal resistance between a metal and a nonmetal},
publisher = {APS},
year = {2009},
journal = {Physical Review B (Condensed Matter and Materials Physics)},
volume = {79},
number = {7},
eid = {075408},
numpages = {6},
pages = {075408},
keywords = {interface phonons; surface charging; thermal conductivity; wave functions},
url = {http://link.aps.org/abstract/PRB/v79/e075408},
doi = {10.1103/PhysRevB.79.075408}
}



@ARTICLE{ohara1999a,
   author = "T. Ohara",
   title = "Intermolecular energy transfer in liquid water and its contribution to heat conduction: A molecular dynamics study",
   year = "1999",
   journal = "Journal of Chemical Physics",
   volume = "111",
   pages = "6492-6500"
}

@ARTICLE{ohara1999b,
   author = "T. Ohara",
   title = "Contribution of intermolecular energy transfer to heat conduction in a simple liquid",
   year = "1999",
   journal = "Journal of Chemical Physics",
   volume = "111",
   pages = "9667-9672"
}

@ARTICLE{ohara2000,
   author = "T. Ohara and D. Suzuki",
   title = "Intermolecular energy transfer at a solid--liquid interface",
   year = "2000",
   journal = "Microscale Thermophysical Engineering",
   volume = "4",
   pages = "189-196"
}

@ARTICLE{ohara2001,
   author = "T. Ohara and D. Suzuki",
   title = "Intermolecular momentum transfer in a simple liquid and its contribution to shear viscosity",
   year = "2001",
   journal = "Microscale Thermophysical Engineering",
   volume = "5",
   pages = "117-130"
}

@ARTICLE{ohara2003,
   author = "T. Ohara and T. Yatsunami",
   title = "Energy and momentum transfer in an ultrathin liquid film under shear between solid surfaces",
   year = "2003",
   journal = "Microscale Thermophysical Engineering",
   volume = "7",
   pages = "1-13"
}

@ARTICLE{ohara2005a,
   author = "T. Ohara and D. Torii",
   title = "Molecular thermal phenomena in an ultrathin lubrication liquid film of linear molecules between solid surfaces",
   year = "2005",
   journal = "Microscale Thermophysical Engineering",
   volume = "9",
   pages = "265-279"
}

@ARTICLE{ohara2005b,
   author = "T. Ohara and D. Torii",
   title = "Molecular dynamics study of thermal phenomena in an ultrathin liquid film sheared between solid surfaces: The influence of the crystal plane on energy and momentum transfer at solid--liquid interfaces",
   year = "2005",
   journal = "Journal of Chemical Physics",
   volume = "122",
   pages = "214717"
}

@ARTICLE{torii2007,
   author = "D. Torii and T. Ohara",
   title = "Molecular dynamics study on ultrathin liquid water film sheared between platinum solid walls: Liquid structure and energy and momentum transfer",
   year = "2007",
   journal = "Journal of Chemical Physics",
   volume = "126",
   pages = "154706"
}

@ARTICLE{huxtable2003,
   author = "S. T. Huxtable and D. G. Cahill and S. Shenogin and L. Xue and R. Ozisik and P. Barone and M. Usrey and M. S. Strano and G. Siddons and M. Shim and P. Keblinski",
   title = "Interfacial heat flow in carbon nanotube suspensions",
   year = "2003",
   journal = "Nature Materials",
   volume = "2",
   pages = "731-734"
}

@ARTICLE{shenogin2004a,
   author = "S. Shenogin and A. Bodapati and L. Xue and R. Ozisik and P. Keblinski",
   title = "Effect of chemical functionalization on thermal transport of carbon nanotube composites",
   year = "2004",
   journal = "Applied Physics Letters",
   volume = "85",
   pages = "2229-2231"
}

@ARTICLE{shenogin2004b,
   author = "S. Shenogin and L. Xue and R. Ozisik and P. Keblinski and D. G. Cahill",
   title = "Role of thermal boundary resistance on the heat flow in carbon-nanotube composites",
   year = "2004",
   journal = "Journal of Applied Physics",
   volume = "95",
   pages = "8136-8144"
}

@ARTICLE{huxtable2005,
   author = "S. T. Huxtable and D. G. Cahill and S. Shenogin and P. Keblinski",
   title = "Relaxation of vibrational energy in fullerene suspensions",
   year = "2005",
   journal = "Chemical Physics Letters",
   volume = "407",
   pages = "129-134"
}

@ARTICLE{kim2005,
   author = "H. Kim and D. Bedrov and G. D. Smith and S. Shenogin and P. Keblinski",
   title = "Role of attached polymer chains on the vibrational relaxation of a {C}$_{60}$ fullerene in aqueous solution",
   year = "2005",
   journal = "Physical Review B",
   volume = "72",
   pages = "085454"
}

@ARTICLE{shenogin2006,
   author = "S. Shenogin and P. Keblinski and D. Bedrov and G. D. Smith",
   title = "Thermal relaxation mechanism and role of chemical functionalization in fullerene solutions",
   year = "2006",
   journal = "Journal of Chemical Physics",
   volume = "124",
   pages = "014702"
}

@ARTICLE{eijkel2005,
   author = "J. C. T. Eijkel and A. van den Berg",
   title = "Nanofluidics: what is it and what can we expect from it?",
   year = "2005",
   journal = "Microfluidics and Nanofluidics",
   volume = "1",
   pages = "249-267"
}

@ARTICLE{eijkel2007,
   author = "J. Eijkel",
   title = "Liquid slip in micro- and nanofludics: recent research and its possible implications",
   year = "2007",
   journal = "Lab on a Chip",
   volume = "7",
   pages = "299-301"
}

@ARTICLE{noy2007,
   author = "A. Noya and H. G. Park and F. Fornasiero and J. K. Holt and C. P. Grigoropoulos and O. Bakajina",
   title = "Nanofluidics in carbon nanotubes",
   year = "2007",
   journal = "NanoToday",
   volume = "2",
   pages = "22-29"
}

@ARTICLE{park2006,
   author = "J. H. Park and S. B. Sinnott and N. R. Aluru",
   title = "Ion separation using a {Y}-junction carbon nanotube",
   year = "2006",
   journal = "Nanotechnology",
   volume = "17",
   pages = "895-900"
}

@ARTICLE{holt2006,
   author = "J. K. Holt and H. G. Park and Y. Wang and M. Stadermann and A. B. Artyukhin and C. P. Grigoropoulos and A. Noy and O. Bakajin",
   title = "Fast mass transport through sub–-2--nanometer carbon nanotubes",
   year = "2006",
   journal = "Science",
   volume = "312",
   pages = "1034-1037"
}

@ARTICLE{sinha2007,
   author = "S. Sinha and M. P. Rossi and D. Mattia and Y. Gogotsi and H. H. Bau",
   title = "Induction and measurement of minute flow rates through nanopipes",
   year = "2007",
   journal = "Physics of Fluids",
   volume = "19",
   pages = "013603"
}

@ARTICLE{hummer2001,
   author = "G. Hummer and J. C. Rasaiah and J. P. Noworyta",
   title = "Water conduction through the hydrophobic channel of a carbon nanotube",
   year = "2001",
   journal = "Nature",
   volume = "414",
   pages = "188-190"
}

@ARTICLE{kalra2003,
   author = "A. Kalra and S. Garde and G. Hummer",
   title = "Osmotic water transport through carbon nanotube membranes",
   year = "2003",
   journal = "Proceedings of the National Academy of Sciences",
   volume = "100",
   pages = "10175-10180"
}

@ARTICLE{khare2006,
   author = "R. Khare and P. Keblinski and A. Yethiraj",
   title = "Molecular dynamics simulations of heat and momentum transfer at a solid-–fluid interface: Relationship between thermal and velocity slip",
   year = "2006",
   journal = "International Journal of Heat and Mass Transfer",
   volume = "49",
   pages = "3401-3407"
}

@ARTICLE{kolesnikov2006,
   author = "A.I. Kolesnikov and C.-K. Loong and N.R. de Souzaa and C.J. Burnham and A. P. Moravsky",
   title = "Anomalously soft dynamics of water in carbon nanotubes",
   year = "2006",
   journal = "Physica B",
   volume = "385-386",
   pages = "272-274"
}

@ARTICLE{kolesnikov2004,
   author = "A. I. Kolesnikov and J.-M. Zanotti and C.-K. Loong and P. Thiyagarajan and A. P. Moravsky and R. O. Loutfy and C. J. Burnham",
   title = "Anomalously Soft Dynamics of Water in a Nanotube: A Revelation of Nanoscale Confinement",
   year = "2004",
   journal = "Physical Review Letters",
   volume = "93",
   pages = "035503"
}

@ARTICLE{liu2005,
   author = "Y. Liu and Q. Wang",
   title = "Transport behavior of water confined in carbon nanotubes",
   year = "2005",
   journal = "Physical Review B",
   volume = "72",
   pages = "085420"
}

@ARTICLE{majumder2005,
   author = "M. Majumder and N. Chopra and R. Andrews and B. J. Hinds",
   title = "Nanoscale hydrodynamics: {E}nhanced flow in carbon nanotubes",
   year = "2005",
   journal = "Nature",
   volume = "438",
   pages = "44"
}

@ARTICLE{marayuma1999,
   author = "S. Marayuma and T. Kimura",
   title = "A Study on Thermal Resistance over a Solid--Liquid Interface by the Molecular Dynamics Method",
   year = "1999",
   journal = "Thermal Science \& Engineering",
   volume = "7",
   pages = "63-68"
}

@ARTICLE{kunugi2004,
   author = "T. Kunugi and K. Muko and M. Shibahara",
   title = "Ultrahigh heat transfer enhancement using nano-porous layer",
   year = "2004",
   journal = "Superlattices and Microstructures  ",
   volume = "35",
   pages = "531-542"
}

@ARTICLE{kunugi2006,
   author = "T. Kunugi and K. Muko and M. Shibahara",
   title = "Ultrahigh Heat Transfer Enhancement by Nano- and Microscale Porous Layer Formed on Surface",
   year = "2006",
   journal = "Nanoscale and Microscale Thermophysical Engineering",
   volume = "10",
   pages = "205-215"
}

@ARTICLE{shibahara2005,
   author = "M. Shibahara and T. Kunugi and M. Katsuki",
   title = "Molecular Dynamics Study on Effects of Surface Structures in Nanometer Scale on Energy Transfer from Fluid to Surface",
   year = "2005",
   journal = "Heat Transfer -- Asian Research",
   volume = "34",
   pages = "171-179"
}

@ARTICLE{shibahara2006a,
   author = "M. Shibahara and T. Kunugi and K. Muko and M. Katsuki",
   title = "A study on effects of surface structural clearance in nanometer scale on energy transfer and molecular behavior at a liquid-solid interface",
   year = "2006",
   journal = "JSME International Journal",
   volume = "49",
   pages = "506-511"
}

@ARTICLE{shibahara2006b,
   author = "M. Shibahara and M. Katsuki and T. Kunugi and K. Muko ",
   title = "Effects of Nanometer Scale Structure on Energy Transfer Between a Surface and Fluid Molecules",
   year = "2007",
   journal = "Nanoscale and Microscale Thermophysical Engineering",
   volume = "10",
   pages = "197-204"
}

@ARTICLE{werder2001,
   author = "T. Werder and J. H. Walther and R. L. Jaffe and T. Halicioglu and F. Noca and P. Koumoutsakos",
   title = "Molecular Dynamics Simulation of Contact Angles of Water Droplets in Carbon Nanotubes",
   year = "2001",
   journal = "Nanoletters",
   volume = "1",
   pages = "697-702"
}

@ARTICLE{whitby2007,
   author = "M. Whitby and N. Quirke",
   title = "Fluid flow in carbon nanotubes and nanopipes",
   year = "2007",
   journal = "Nature Nanotechnology",
   volume = "2",
   pages = "87-94"
}

@ARTICLE{ziarani2005,
   author = "A. S. Ziarani and A. A. Mohamad",
   title = "A molecular dynamics study of perturbed Poiseuille flow in a nanochannel",
   year = "2005",
   journal = "Microfluidics and Nanofluidics",
   volume = "2",
   pages = "12-20"
}

@ARTICLE{zou2006,
   author = "J. Zou and B. Ji and X.-Q. Feng and H. Gao",
   title = "Molecular-Dynamic Studies of Carbon–-Water–-Carbon Composite Nanotubes",
   year = "2006",
   journal = "Small",
   volume = "2",
   pages = "1348-1355"
}

@ARTICLE{hanasaki2006a,
   author = "I. Hanasaki and A. Nakatani",
   title = "Microscopic structure of water flow though carbon nanotubes",
   year = "2006",
   journal = "Materials Science Forum",
   volume = "512",
   pages = "399-404"
}

@ARTICLE{hanasaki2006b,
   author = "I. Hanasaki and A. Nakatani",
   title = "Water flow through carbon nanotube junctions as molecular convergent nozzles",
   year = "2006",
   journal = "Nanotechnology",
   volume = "17",
   pages = "2794-2804"
}

@ARTICLE{hanasaki2006c,
   author = "I. Hanasaki and A. Nakatani",
   title = "Flow structure of water in carbon nanotubes: Poiseuille type or plug-like?",
   year = "2006",
   journal = "Journal of Chemical Physics",
   volume = "124",
   pages = "144708"
}

@ARTICLE{squires2005,
   author = "T. M. Squires and S. R. Quake",
   title = "Microfluidics: Fluid physics at the nanoliter scale",
   year = "2005",
   journal = "Review of Modern Physics",
   volume = "77",
   pages = "977-1026"
}

@ARTICLE{werder2003,
   author = "T. Werder and J. H. Walther and R. L. Jaffe and T. Halicioglu and P. Koumoutsakos",
   title = "On the Water-Carbon Interaction for Use in Molecular Dynamics Simulations of Graphite and Carbon Nanotubes",
   year = "2003",
   journal = "Journal of Physical Chemistry B",
   volume = "107",
   pages = "1345-1352"
}

@ARTICLE{barber2005,
   author = "A. H. Barber and S. R. Cohen and H. D. Wagner",
   title = "External and internal wetting of carbon nanotubes with organic liquids",
   year = "2005",
   journal = "Physical Review B",
   volume = "71",
   pages = "115443"
}

@ARTICLE{rovere1998,
   author = "M. Rovere and M. A. Ricci and D. Vellati and F. Bruni",
   title = "A molecular dynamics simulation of water confined in a cylindrical {S}i{O}$_2$ pore",
   year = "1998",
   journal = "Journal Chemical Physics",
   volume = "108",
   pages = "9859-9867"
}

@ARTICLE{cottin2003,
   author = "C. Cottin-Bizonne and J.-L. Barrat and L. Bocquet and E. Charlaix",
   title = "Low-friction flows of liquid at nanopatterned interfaces",
   year = "2003",
   journal = "Nature Materials",
   volume = "2",
   pages = "237-240"
}

@ARTICLE{mukhopadhyah2006,
   author = "R. Mukhopadhyah",
   title = "What does nanofluidics have to offer? {P}lenty, say experts",
   year = "2006",
   journal = "Analytical Chemistry",
   volume = "November 1, 2006",
   pages = "7379-7382"
}

@ARTICLE{joseph2006,
   author = "P. Joseph and C. Cottin-Bizonne and J.-M. Benoit and C. Ybert and C. Journet and P. Tabeling and L. Bocquet",
   title = "Slippage of Water Past Superhydrophobic Carbon Nanotube Forests in Microchannels",
   year = "2006",
   journal = "Physical Review Letters",
   volume = "97",
   pages = "156104"
}

@ARTICLE{ajdari2006,
   author = "A. Ajdari and L. Bocquet",
   title = "Giant Amplification of Interfacially Driven Transport by Hydrodynamic Slip: Diffusio-Osmosis and Beyond",
   year = "2006",
   journal = "Physical Review Letters",
   volume = "96",
   pages = "186102"
}

@ARTICLE{eastman2004,
   author = "J. A. Eastman and S. R. Phillpot and S. U. S Choi and P. Keblinski",
   title = "Thermal transport in nanofluids",
   year = "2004",
   journal = "Annual Review of Materials Research",
   volume = "34",
   pages = "219-246"
}

@ARTICLE{yang2005,
   author = "Y. Yang and Z. G. Zhang and E. A. Grulke and W. B. Anderson and G. Wu",
   title = "Heat transfer properties of nanoparticle-in-fluid dispersions (nanofluids) in laminar flow",
   year = "2005",
   journal = "International Journal of Heat and Mass Transfer",
   volume = "48",
   pages = "1107-1116"
}

@ARTICLE{you2003,
   author = "S. M. You and J. H. Kim and K. H. Kim",
   title = "Effect of nanoparticles on critical heat flux of water in pool boiling heat transfer",
   year = "2003",
   journal = "Applied Physics Letters",
   volume = "83",
   pages = "3374-3376"
}

@ARTICLE{fu2005,
   author = "J. Fu and P. Mao and J. Han",
   title = "Nanofilter array chip for fast gel-free biomolecule separation",
   year = "2005",
   journal = "Applied Physics Letters",
   volume = "87",
   pages = "263902"
}

@ARTICLE{donnelly2002,
   author = "S. E. Donnelly and R. C. Birtcher and C. W. Allen and I. Morrison and K. Furuya and M. Song and K. Mitsuishi and U. Dahmen",
   title = "Ordering in a Fluid Inert Gas Confined by Flat Surfaces",
   year = "2002",
   journal = "Science",
   volume = "296",
   pages = "507-510"
}

@ARTICLE{xu2007,
   author = "J. Xu and Y. Li",
   title = "Boundary conditions at the solid–liquid surface over the multiscale channel size from nanometer to micron",
   year = "2007",
   journal = "International Journal of Heat and Mass Transfer",
   volume = "50",
   pages = "2571-2581"
}

@ARTICLE{jorgensen1981,
   author = "W. L. Jorgensen",
   title = "Transferable Intermolecular Potential Functions for Water, Alcohols, and Ethers. {A}pplication to Liquid Water",
   year = "1981",
   journal = "Journal of the American Chemical Society",
   volume = "103",
   pages = "335-340"
}

@ARTICLE{jorgensen1983,
   author = "W. L. Jorgensen and J. Chandrasekhar and J. Madura and R. W. Impey and M. L. Klein",
   title = "Comparison of simple potential functions for simulating liquid water",
   year = "1983",
   journal = "Journal of Chemical Physics",
   volume = "79",
   pages = "926-935"
}

@ARTICLE{mahoney2000,
   author = "M. W. Mahoney and W. L. Jorgensen",
   title = "A five-site model for liquid water and the reproduction of the density anomaly by rigid, nonpolarizable potential functions",
   year = "2000",
   journal = "Journal of Chemical Physics",
   volume = "112",
   pages = "8910-8922"
}

@ARTICLE{mahoney2001,
   author = "M. W. Mahoney and W. L. Jorgensen",
   title = "Diffusion constant of the {TIP5P} model of liquid water",
   year = "2001",
   journal = "Journal of Chemical Physics",
   volume = "114",
   pages = "363-366"
}

@ARTICLE{lisal2002,
   author = "M. Lisal and J. Kolafa and I. Nezbeda",
   title = "An examination of the five-site potential ({TIP5P}) for water",
   year = "2002",
   journal = "Journal of Chemical Physics",
   volume = "117",
   pages = "8892-8897"
}


@ARTICLE{rick2004,
   author = "S. W. Rick",
   title = "A reoptimization of the five-site water potential ({TIP5P}) for use with {E}wald sums",
   year = "2004",
   journal = "Journal of Chemical Physics",
   volume = "120",
   pages = "6085-6093"
}

@ARTICLE{li1998b,
   author = "J. Li and D. Liao and S. Yip",
   title = "Coupling continuum to molecular-dynamics simulation: Reflecting particle method and the field estimator",
   year = "1998",
   journal = "Physical Review E",
   volume = "57",
   pages = "7259-7267"
}

@ARTICLE{tegenfeldt2004,
   author = "J. O. Tegenfeldt and C. Prinz and H. Cao and S. Chou and W. Reisner and R. Riehn and Y. M. Wang and E. C. Cox and J. C. Sturm and P. Silberzan and R. H. Austin",
   title = "The dynamics of genomic-length {D}{N}{A} molecules in 100-nm channels",
   year = "2004",
   journal = "Proceedings of the National Academy of Sciences",
   volume = "101",
   pages = "10979-10983"
}

@ARTICLE{reisner2005,
   author = "W. Reisner and K. J. Morton and R. Riehn and Y. M. Wang and Z. Yu and M. Rosen and J. C. Sturm and S. Y. Chou and E. Frey and R. H. Austin",
   title = "Statics and Dynamics of Single {D}{N}{A} Molecules Confined in Nanochannels",
   year = "2005",
   journal = "Physical Review Letters",
   volume = "94",
   pages = "196101"
}

@ARTICLE{oh2005,
   author = "S. H. Oh and Y. Kauffmann and C. Scheu and W. D. Kaplan and M. Ruhle",
   title = "Ordered Liquid Aluminum at the Interface with Sapphire",
   year = "2005",
   journal = "Science",
   volume = "310",
   pages = "661-663"
}

@ARTICLE{donnelly2002,
   author = "S. E. Donnelly and R. C. Birtcher and C. W. Allen and I. Morrison and K. Furuya and M. Song and K. Mitsuishi and U. Dahmen",
   title = "Ordering in a Fluid Inert Gas Confined by Flat Surfaces",
   year = "2002",
   journal = "Science",
   volume = "296",
   pages = "507-510"
}

@ARTICLE{chisholm2001,
   author = "E. D. Chisolm and D. C. Wallace",
   title = "Dynamics of monatomic liquids",
   year = "2001",
   journal = "Journal of Physics: Condensed Matter",
   volume = "13",
   pages = "R739-R769"
}

@ARTICLE{lorenzi2005,
   author = "G. D. Lorenzi-Venneri and D. C. Wallace",
   title = "A model for transits in dynamic response theory",
   year = "2005",
   journal = "Journal of Chemical Physics",
   volume = "123",
   pages = "244513"
}

@ARTICLE{wallace1999,
   author = "D. C. Wallace and B. E. Clements",
   title = "Nature of the many-particle potential in the monatomic liquid state: {E}nergetics, kinetics, and stability",
   year = "1999",
   journal = "Physical Review E",
   volume = "59",
   pages = "2942-2954"
}

@ARTICLE{kaplan2006,
   author = "W. D. Kaplan and Y. Kauffmann",
   title = "Structural order in liquids induced by interfaces with crystals",
   year = "2006",
   journal = "Annual Review of Materials Research",
   volume = "36",
   pages = "1-48"
}

@ARTICLE{patel2005,
   author = "H. A. Patel and S. Garde and P. Keblinski",
   title = "Thermal Resistance of Nanoscopic Liquid-Liquid Interfaces: Dependence on Chemistry and Molecular Architecture",
   year = "2005",
   journal = "Nanoletters",
   volume = "5",
   pages = "2225-2231"
}

@ARTICLE{berber2000,
   author = "S. Berber and Y.-K. Kwon and D. Tomanek",
   title = "Unusually high thermal conductivity of carbon nanotubes",
   year = "2000",
   journal = "Physical Review Letters",
   volume = "84",
   pages = "4613-4616"
}

@ARTICLE{osman2001,
   author = "M. A. Osman and D. Srivastava",
   title = "Temperature Dependence of the Thermal Conductivity of Single-Wall Carbon Nanotubes",
   year = "2001",
   journal = "Nanotechnology",
   volume = "12",
   pages = "21-24"
}

@ARTICLE{che2000,
   author = "J. Che and T. Cagin and W. A. {Goddard III}",
   title = "Thermal Conductivity of Carbon Nanotubes",
   year = "2000",
   journal = "Nanotechnology",
   volume = "11",
   pages = "65-69"
}

@ARTICLE{padgett2004,
   author = "C. W. Padgett and D. W. Brenner",
   title = "Influence of Chemisorption on the Thermal Conductivity of Single-Wall Carbon Nanotubes",
   year = "2004",
   journal = "Nano Letters",
   volume = "4",
   pages = "1051-1053"
}

@ARTICLE{moreland2004,
   author = "J. F. Moreland and J. B. Freund and G. Chen",
   title = "The Disparate Thermal Conductivity of Carbon Nanotubes and Diamond Nanowires Studied by Atomistic Simulation",
   year = "2004",
   journal = "Microscale Thermophysical Engineering",
   volume = "8",
   pages = "61-69"
}

@ARTICLE{maruyama2003,
   author = "S. Maruyama",
   title = "A Molecular Dynamics Simulation of Heat Conduction of a Finite Length Single-Walled Carbon Nanotube",
   year = "2003",
   journal = "Microscale Thermophysical Engineering",
   volume = "7",
   pages = "41-50"
}



@ARTICLE{hu2007,
   author = "M. Hu and S. Shenogin and P. Keblinski and N. Raravikar",
   title = "Thermal energy exchange between carbon nanotube and air",
   year = "2007",
   journal = "Applied Physics Letters",
   volume = "90",
   pages = "231905"
}

@ARTICLE{cahill1989,
   author = "D. G. Cahill and H. E. Fischer and T. Klitsner and E. T. Swartz and R. O. Pohl",
   title = "Thermal conductivity of thin films: {M}easurements and understanding",
   year = "1989",
   journal = "Journal of Vaccuum Science and Technology A",
   volume = "7",
   pages = "1259-1266"
}



@ARTICLE{li2003,
   author = "D. Li and Y. Wu and P. Kim and L. Shi and P. Yang and A. Majumdar",
   title = "Thermal Conductivity of Individual Silicon Nanowires",
   year = "2003",
   journal = "Applied Physics Letters",
   volume = "83",
   pages = "2934-2936"
}

@ARTICLE{shi2003,
   author = "L. Shi and D. Li and C. Yu and W. Jang and D. Kim and Z. Yao and P. Kim and A. Majumdar",
   title = "Measuring Thermal and Thermoelectric Properties of One-Dimensional Nanostructures Using a Microfabricated Device",
   year = "2003",
   journal = "Journal of Heat Transfer",
   volume = "125",
   pages = "881-888"
}

@ARTICLE{nagayama2004,
   author = "G. Nagayama and P. Cheng",
   title = "Effects of interface wettability on microscale flow by molecular dynamics simulation",
   year = "2004",
   journal = "International Journal of Heat and Mass Transfer",
   volume = "47",
   pages = "501-513"
}

@ARTICLE{todd2001,
   author = "B. D. Todd",
   title = "Computer simulation of simple and complex atomistic fluids by nonequilibrium molecular dynamics techniques",
   year = "2001",
   journal = "Computer Physics Communications",
   volume = "142",
   pages = "14-21"
}

@ARTICLE{agre2004,
   author = "P. Agre",
   title = "Aquaporin Water Channels ({N}obel Lecture)",
   year = "2004",
   journal = "Angewandte Chemie International Edition",
   volume = "43",
   pages = "4278-4290"
}

@ARTICLE{czaplewski,
   author = "D. A. Czaplewski and J. Kameoka and R. Mathers and G. W. Coates and H. G. Craighead",
   title = "Nanofluidic channels with elliptical cross sections formed using a nonlithographic process",
   year = "2003",
   journal = "Applied Physics Letters",
   volume = "83",
   pages = "4836-4838"
}

@ARTICLE{han2000,
   author = "J. Han and H. G. Craighead",
   title = "Separation of Long DNA Molecules in a Microfabricated Entropic Trap Array",
   year = "2000",
   journal = "Science",
   volume = "288",
   pages = "1026-1029"
}

@ARTICLE{tersoff1988a,
   author = "J. Tersoff",
   title = "New empirical approach for the structure and energy of covalent systems",
   year = "1988",
   journal = "Physical Review B",
   volume = "37",
   pages = "6991-7000"
}

@ARTICLE{tersoff1988b,
   author = "J. Tersoff",
   title = "Empirical interatomic potential for carbon, with applications to amorphous carbon",
   year = "1988",
   journal = "Physical Review Letters",
   volume = "61",
   pages = "2879-2882"
}

@ARTICLE{tersoff1989,
   author = "J. Tersoff",
   title = "Modeling solid--state chemistry: Interatomic potentials for multicomponent systems",
   year = "1989",
   journal = "Physical Review B",
   volume = "39",
   pages = "5566-5568"
}

@ARTICLE{alsayed2005,
   author = "A. M. Alsayed and M. F. Islam and J. Zhang and P. J. Collings and A. G. Yodh",
   title = "Premelting at Defects Within Bulk Colloidal Crystals",
   year = "2005",
   journal = "Science",
   volume = "309",
   pages = "1207-1210"
}

@ARTICLE{liu2004,
   author = "P. Liu and E. Harder and B. J. Berne",
   title = "On the Calculation of Diffusion Coefficients in Confined Fluids and Interfaces with an Application to the Liquid-Vapor Interface of Water",
   year = "2004",
   journal = "Journal of Physical Chemistry B",
   volume = "108",
   pages = "6595-6602"
}

@ARTICLE{wick2005,
   author = "C. D. Wick and L. X. Dang",
   title = "Diffusion at the Liquid-Vapor Interface of an Aqueous Ionic Solution Utilizing a Dual Simulation Technique",
   year = "2005",
   journal = "Journal of Physical Chemistry B",
   volume = "109",
   pages = "15574-15579"
}

@ARTICLE{rossi2004,
   author = "M. P. Rossi and H. Ye and Y. Gogotsi and S. Babu and P. Ndungu and J.-C. Bradley",
   title = "Environmental Scanning Electron Microscopy Study of Water in Carbon Nanopipes",
   year = "2004",
   journal = "Nano Letters",
   volume = "4",
   pages = "989-993"
}

@ARTICLE{karis2005,
   author = "T. E. Karis and W. T. Kim and M. S. Jhon",
   title = "Spreading and dewetting in nanoscale lubrication",
   year = "2005",
   journal = "Tribology Letters",
   volume = "18",
   pages = "27-41"
}

@ARTICLE{pandolfo2006,
   author = "A. G. Pandolfo and A. F. Hollenkamp",
   title = "Carbon properties and their role in supercapacitors",
   year = "2006",
   journal = "Journal of Power Sources",
   volume = "157",
   pages = "11-27"
}

@ARTICLE{aqvist1990,
   author = "J. Aqvist",
   title = "Ion-Water Interaction Potentials Derived from Free Energy Perturbation Slmulations",
   year = "1990",
   journal = "Journal of Physical Chemistry",
   volume = "94",
   pages = "8021-8024"
}

@ARTICLE{jensen2006,
   author = "K. P. Jensen and W. L. Jorgensen",
   title = "Halide, Ammonium, and Alkali Metal Ion Parameters for Modeling Aqueous Solutions",
   year = "2006",
   journal = "Journal of Chemical Theory and Computation",
   volume = "2",
   pages = "1499-1509"
}

@ARTICLE{bourlon2007,
   author = "B. Bourlon and J. Wong and C. Miko and L. Forro and M. Bockrath",
   title = "A nanoscale probe for fluidic and ionic transport",
   year = "2007",
   journal = "Nature Nanotechnology",
   volume = "2",
   pages = "104-107"
}

@ARTICLE{li1999,
   author = "J. Ling and C. Papadopoulos and J. Xu",
   title = "Growing {Y}-junction carbon nanotubes",
   year = "1999",
   journal = "Nature",
   volume = "402",
   pages = "253-254"
}

@ARTICLE{satishkumar2000,
   author = "B. C. Satishkumar and P. J. Thomas and A. Govindaraj and C. N. R. Rao",
   title = "{$Y$}-junction carbon nanotubes",
   year = "2000",
   journal = "Applied Physics Letters",
   volume = "77",
   pages = "2530-2532"
}

@ARTICLE{ni2006,
   author = "Z. Ni and Q. Li and D. Zhu and J. Gong",
   title = "Fabrication of carbon nanowire networks by {Si} ion beam irradiation",
   year = "2006",
   journal = "Applied Physics Letters",
   volume = "89",
   pages = "053107"
}

@ARTICLE{skoulidas2000,
   author = "A. I. Skoulidas and D. M. Ackerman and J. K. Johnson and D. S. Sholl",
   title = "Rapid transport of gases in carbon nanotubes",
   year = "2000",
   journal = "Physical Review Letters",
   volume = "89",
   pages = "185901"
}

@ARTICLE{frey2003,
   author = "L. Frey and C. Lehrer and H. Ryssel",
   title = "Nanoscale effects in focused ion beam processing",
   year = "2003",
   journal = "Applied Physics A",
   volume = "76",
   pages = "1017-1023"
}

@ARTICLE{tseng2004,
   author = "A. A. Tseng",
   title = "Recent developments in micromilling using focused ion beam technology",
   year = "2004",
   journal = "Journal of Micromechanics and Microengineering",
   volume = "14",
   pages = "R15-R34"
}

@Article{asen1997,
  title = {Thermal conductivity of germanium crystals with different isotopic compositions},
  author = {Asen-Palmer, M.  and Bartkowski, K.  and Gmelin, E.  and Cardona, M.  and Zhernov, A. P. and Inyushkin, A. V. and Taldenkov, A.  and Ozhogin, V. I. and Itoh, K. M. and Haller, E. E.},
  journal = {Physical Review B},
  volume = {56},
  number = {15},
  pages = {9431--9447},
  numpages = {16},
  year = {1997},
  month = {Oct},
  doi = {10.1103/PhysRevB.56.9431},
  publisher = {American Physical Society}
}

@Article{car1985,
  title = {Unified Approach for Molecular Dynamics and Density-Functional Theory},
  author = {Car, R.  and Parrinello, M. },
  journal = {Phys. Rev. Lett.},
  volume = {55},
  number = {22},
  pages = {2471--2474},
  numpages = {3},
  year = {1985},
  month = {Nov},
  doi = {10.1103/PhysRevLett.55.2471},
  publisher = {American Physical Society}
}

@Article{alexander1986,
  title = {Phonon-fracton anharmonic interactions: The thermal conductivity of amorphous materials},
  author = {Alexander, S.  and Entin-Wohlman, Ora  and Orbach, R. },
  journal = {Phys. Rev. B},
  volume = {34},
  number = {4},
  pages = {2726--2734},
  numpages = {8},
  year = {1986},
  month = {Aug},
  doi = {10.1103/PhysRevB.34.2726},
  publisher = {American Physical Society}
}

@article{kumar2010,
author = {Revati Kumar and Fang-Fang Wang and Glen R. Jenness and Kenneth D. Jordan},
collaboration = {},
title = {A second generation distributed point polarizable water model},
publisher = {AIP},
year = {2010},
journal = {The Journal of Chemical Physics},
volume = {132},
number = {1},
eid = {014309},
numpages = {12},
pages = {014309},
keywords = {charge exchange; liquid theory; molecular clusters; molecular dynamics method; Monte Carlo methods; water},
url = {http://link.aip.org/link/?JCP/132/014309/1},
doi = {10.1063/1.3276460}
}

@Article{donadio2009,
  title = {Atomistic Simulations of Heat Transport in Silicon Nanowires},
  author = {Donadio, Davide  and Galli, Giulia },
  journal = {Phys. Rev. Lett.},
  volume = {102},
  number = {19},
  pages = {195901},
  numpages = {4},
  year = {2009},
  month = {May},
  doi = {10.1103/PhysRevLett.102.195901},
  publisher = {American Physical Society}
}

@Article{He2011,
  title = {Heat transport in amorphous silicon: Interplay between morphologyand disorder},
  author = {Yuping He and Davide Donadio and Giulia Galli},
  journal = {Appl. Phys. Lett.},
  volume = {98},
  pages = {144101},
  numpages = {4},
  year = {2011},
}




@ARTICLE{alberts2008,
   author = "B. Alberts",
   title = "Considering Science Education",
   year = "2008",
   journal = "Science",
   volume = "319",
   pages = "1589"
}

@ARTICLE{williams2004,
   author = "W. M. Williams and P. B. Papierno and M. C. Makel and S. J. Ceci",
   title = "Thinking Like A Scientist About Real-World Problems: The Cornell Institute for Research on Children Science Education Program",
   year = "2004",
   journal = "Journal of Applied Developmental Psychology",
   volume = "25",
   pages = "107-126"
}

@ARTICLE{farrell2002,
   author = "E. F. Farrell",
   title = "Engineering a Warmer Welcome for Female Students",
   year = "2002",
   journal = "The Chronicle of Higher Education",
   volume = "48",
   pages = "A31-A34"
}

@ARTICLE{chubin2005,
   author = "D. E. Chubin and G. S. May and E. L. Babco",
   title = "Diversifying the Engineering Workforce",
   year = "2005",
   journal = "Journal of Engineering Education",
   volume = "94",
   pages = "73-86"
}

@BOOK{na_storm,
    year = "2007",
    title = "Rising Above the Gathering Storm: Energizing and Employing America for a Brighter Economic Future",
    publisher = "The National Academies Press, Washington"
}

@BOOK{nrc_women,
    year = "2006",
    title = "To Recruit and Advance: Women Students and Faculty in Science and Engineering",
    publisher = "The National Academies Press, Washington"
}


@BOOK{roth2004,
    author = "W. M. Roth and A. C. Barton",
    year = "2004",
    title = "Rethinking Scientific Literacy",
    publisher = "RoutledgeFalmer, New York"
}


@BOOK{mcquarrie2000,
    author = "D. A. McQuarrie",
    year = "2000",
    title = "Statistical Mechanics",
    publisher = "University Science Books, Sausalito"
}
@BOOK{kaviany2001,
    author = "M. Kaviany",
    year = "2001",
    title = "Principles of Heat Transfer",
    publisher = "Wiley, New York"
}

@BOOK{kaviany2008,
    author = "M. Kaviany",
    year = "2008",
    title = "Heat Transfer Physics",
    publisher = "Cambridge University Press, New York"
}
@BOOK{kaviany1999,
    author = "M. Kaviany",
    year = "1999",
    title = "Principles of Heat Transfer in Porous Media, 2nd Edition",
    publisher = "Springer-Verlag, New York"
}
@BOOK{berthier2006,
    author = "J. Berthier and P. Silberzan",
    year = "2006",
    title = "Microfluidics for Biotechnology",
    publisher = "Aretch House, Norwood, MA"
}
@BOOK{wallace1972,
    author = "D. C. Wallace",
    year = "1972",
    title = "Thermodynamics of Crystals",
    publisher = "Cambridge Univ. Press, Cambridge, UK"
}


@MISC{gate,
    note = "{h}ttp://www.bell-labs.com/news/2000/april/17/1.html"
}

@MISC{sbes,
    note = "Simulation-Based Engineering Science: Revolutionizing Engineering Science through Simultion, Report of the National Science Foundation
    Blue Ribbon Panel on Simulation-Based Engineering Science, May 2006. Available online at http://www.nsf.gov/pubs/reports/sbes\_final\_report.pdf,
    accessed November 1, 2009."
}

@MISC{ssl,
    note = "Multi-Year Program Plan FY '09-FY'15. Solid-State Lighting Research and Development. Prepared for U. S. Department of Energy, March 2009"
}

@MISC{nmab,
    note = "http://www7.nationalacademies.org/nmab/CICME\_home\_page.html,
    accessed June 24, 2008."
}

@MISC{qe,
    note = "{h}ttp://www.quantum-espresso.org/,
    accessed January 29, 2010."
}

@MISC{wiki,
    note = "{h}ttp://en.wikipedia.org, accessed November 6, 2008"
}

@MISC{ddwiki,
    note = "{h}ttp://ddl.me.cmu.edu/ddwiki/index.php/Wiki-based\_learning\_in\_the\_classroom, accessed June 26, 2008"
}


@MISC{greene2008,
    note = "B. Greene, {``}Put a little science in your life{"}, {\em New York Times}, June 1, 2008."
}



@incollection{sutherland1996,
    author    = "T. E. Sutherland and C. C. Bonwell",
    title     = "Using Active Learning in College Classes: A Range of Options for Faulty",
    editor    = "R. J. Menges and M. D. Svinicki",
    booktitle = "New Directions for Teaching and Learning, Number 67",
    pages     = "1-16",
    publisher = "Jossey-Bass, San Francisco",
    year      = "1996"
}

@ARTICLE{lamb2004,
   author = "B. Lamb",
   title = "Wide Open Spaces: Wikis, Ready or Not",
   year = "2004",
   journal = "EDUCAUSE Review",
   volume = "39",
   pages = "36-48"
}

@BOOK{wankat2007,
    author = "P. C. Wankat and F. S. Oreovicz",
    title = "Teaching Engineering",
    publisher = "Available at https://engineering.purdue.edu/ChE/News\_and\_Events/Publications /teaching\_engineering/index.html, accessed June 26, 2007"
}

@MISC{bigdft,
    note = "{http://inac.cea.fr/L\_Sim/BigDFT/}, accessed January 26, 2010"
}

@MISC{lammps,
    note = "{http://lammps.sandia.gov/}, accessed January 26, 2010"
}

@MISC{teragrid,
    note = "{http://www.teragrid.org/}, accessed January 26, 2010"
}

@MISC{abinit,
    note = "{http://www.abinit.org/}, accessed January 26, 2010"
}

@MISC{qe,
    note = "{http://www.quantum-espresso.org/}, accessed January 26, 2010"
}


@MISC{gulp,
    note = "{https://www.ivec.org/gulp/}, accessed January 26, 2010"
}

@MISC{scitech,
    note = "{http://www.pps.k12.pa.us/pst/site/default.asp}, accessed January 26, 2010"
}



@MISC{sam,
    note = "{h}ttp://www.me.cmu.edu/faculty1/higgs/generation.html, accessed November 1, 2009"
}
@MISC{vasp,
    note = "{h}ttp://cms.mpi.univie.ac.at/vasp/"
}

@MISC{nanofilter,
    note = "{h}ttp://www.rle.mit.edu/micronano/research\_protein-ogston.htm, accessed June 26, 2007"
}

@MISC{ultracap,
    note = "{h}ttp://lees-web.mit.edu/lees/projects/cnt\_ultracap\_project.htm, accessed June 26, 2007"
}

@MISC{ntpwiki,
    note = "{h}ttp://ntpl.me.cmu.edu/ntpwiki/, accessed {J}anuary 20, 2009"
}

@MISC{sim_meeting,
    note = "{h}ttp://ntpl.me.cmu.edu/ntplwiki/index.php/PA-OH-WV\_Simulators\_Meeting, accessed {J}anuary 20, 2009"
}

@MISC{nae,
    note = "{h}ttp://www.engineeringchallenges.org/, accessed June 26, 2008"
}

@MISC{nanohub,
    note = "{h}ttp://www.nanohub.org/, accessed {J}anuary 20, 2009"
}

@MISC{thermalhub,
    note = "{h}ttp://thermalhub.org/, accessed {J}anuary 20, 2009"
}

@MISC{osher,
    note = "{h}ttp://www.cmu.edu/osher/, accessed June 26, 2008"
}

@MISC{cmu_yt,
    note = "{h}ttp://www.youtube.com/user/carnegiemellonu, accessed July 7, 2008"
}



@article{art,
    author  =   "A. Author and
B. Author and C. Author",
    title   =   "Article title",
    journal =   "Journal
{N}ame",
    volume  =   1,
    number  =   5,
    pages   =   "1--3",
    month   =
"May",
    year    =   1994}

@book{latex,
    author    = "L. Lamport",
    title
=   "\LaTeX: a Document Preparation System",
    publisher =
"Addison-Wesley",
    year      = 1986,
    address   = "Reading,
MA"}

@book{goosens,
    author    = "M. Goosens and F. Mittelbach and A.
Samarin",
    title     = "The \LaTeX\ Companion",
    publisher
=   "Addison-Wesley",
    address   = "Reading, MA",
    year
=   1994}

@booklet{blt,
    author  =   "A. Booklet",
    title   =   "Booklet
title",
    howpublished =   "On the WWW",
    address =   "at
\verb+http://www.abc.edu+",
    note    =   "PDF file",
    month   =
"May",
    year    =   1994}

@inbook{ibk,
    editor    = "A. Inbook",
    title
=   "Book title",
    chapter   = 1,
    pages     = "1--3",
    volume
=   2,
    series  =   "{Series Title}",
    edition = "$1^{st}$",
    type    =
"{Chap.}",
    publisher = "Publisher {N}ame",
    address   = "Publisher
address",
    note      = "See also URL \verb+http://www.abc.edu+",
    year
=   1991}

@incollection{icn,
    author    = "A. Incollection",
    title
=   "Article title",
    editor    = "A. Editor",
    booktitle = "Collection
{T}itle",
    chapter   = 1,
    pages     = "1--3",
    volume
=   2,
    series  =   "Series title",
    month   =   "May",
    edition =
"$3^{rd}$",
    type    = "{C}hapter",
    publisher = "Publisher
{N}ame",
    address   = "Publisher address",
    note      = "See also URL
\verb+http://www.abc.edu+",
    year      = 1991}

@inproceedings{ips,
    author
=   "A. Inproceedings",
    title     = "Article title",
    editor    = "A. Editor
and B. Editor",
    booktitle = "Proceedings {T}itle",
    volume  =   "{\bf
1}",
    series  =   "Series name",
    pages     = "1--3",
    address   = "Publisher
address",
    month   =   "May",
    organization =  "Organization
{N}ame",
    publisher = "Publisher {N}ame",
    note      = "Paper number
1234",
    year      = 1991}

@manual{asmemanual,
    author    = "{ASME}",
    title
=   "{ASME} Manual {MS-4}, An {ASME} Paper",
    organization =  "The American
Society of Mechanical Engineers",
    edition  = "latest",
    address   = "New
York",
    note      = "See also URL
\verb+http://www.asme.org/pubs/MS4.html+",
    year
=   2003}

@mastersthesis{mts,
     author = "A. Mastersthesis",
     title =
"{Thesis Title}",
     school = "University of Higher Education",
     year
= 2003,
     type = "{MS Thesis}",
     address = "Cambridge, {MA}",

month = "May",
     note = "See also URL
\verb+http://www.abc.edu+"}

@misc{mis,
     author = "A. Misc",
     title
= "Miscellaneous {T}itle",
     howpublished = "On the WWW",
     month =
"May",
     year = "2003",
     note = "URL
\verb+http://www.abc.edu+"}

@phdthesis{pts,
     author = "A. Phdthesis",

   title = "{Thesis Title}",
     school = "University of Higher
Education",
     year = 2003,
     type = "{PhD Thesis}",
     address =
"Cambridge, {MA}",
     month = "May",
     note = "See also URL
\verb+http://www.abc.edu+"}

@proceedings{pro,
    title     = "Volume
{T}itle",
    year      = 1991,
    editor    = "A. Proceedings",
    volume
=   1,
    series    = "Proceedings {S}eries",
    address   = "Publisher
address",
    month   =   "May",
    organization =  "Organization
{N}ame",
    publisher = "Publisher {N}ame",
    note      = "See also URL
\verb+http://www.abc.edu+"}

@techreport{trt,
     author = "A.
Techreport",
     title = "{Techreport title}",
     institution =
"University of Higher Education",
     year = "2003",
     type = "Progress
report",
     number = "1",
     address = "Cambridge, {MA}",
     month =
"May",
     note = "See also URL
\verb+http://www.abc.edu+"}

@unpublished{upd,
     author = "A.
Unpublished",
     title = "{Unpublished document title}",
     note = "See
also URL \verb+http://www.abc.edu+",
     month = "May",
     year = 2003}
